2857 4738
591 333 846 404 XVIII
1235 329 1971 398 PROLEGOMENA

595 514 716 570 est.
822 502 926 566 Ibi
987 524 1142 565 vero
1177 501 1518 569 institutis
1570 497 1995 564 Doriensium
2052 497 2139 562 ad
2182 497 2643 564 fortitudinem

596 612 740 658 com
794 588 992 652 aratis
1050 596 1386 669 tamquam
1448 608 1482 648 e
1544 584 1815 668 regione
1862 583 2223 649 collocatur
2265 583 2645 648 institutum

541 711 545 716 -
598 695 730 759 quo
782 671 932 736 dam
989 670 1531 751 Atheniensium,
1580 691 1712 752 quo
1759 691 1962 752 quum
2008 665 2356 732 adiuvetur
2400 669 2645 734 civium

595 769 727 824 tem
777 756 1029 823 erantia
1048 805 1067 837 ,
1127 765 1266 820 tum
1309 756 1510 820 etiam
1556 755 1687 818 alia
1727 752 2071 820 commoda
2114 752 2473 818 afferantur
2513 756 2679 818 rei-,

599 843 927 930 pubicae,
973 841 1100 906 hoc
1147 849 1284 924 est,
1343 861 1513 904 mos
1566 840 2287 924 compotationum
2336 840 2447 923 (p.
2492 840 2645 903 641.

599 929 802 1012 sqq.).
907 925 1176 1010 Quippe
1232 926 1731 1010 temperantiam
1789 922 2219 1010 philosophus
2265 925 2409 988 vult
2453 921 2644 987 efflo-

598 1033 858 1078 rescere
915 1011 1104 1096 quasi
1161 1033 1249 1091 ex·
1297 1009 1509 1074 libera
1551 1006 1833 1092 quadam
1878 1007 2229 1074 affectuum
2273 1016 2339 1072 et
2384 1007 2649 1092 cupidi-

599 1107 810 1163 tatum
856 1094 1340 1161 moderatione:
1388 1117 1471 1159 ex
1515 1116 1648 1177 qua
1694 1095 1891 1158 etiam
1937 1093 2139 1176 quid
2180 1095 2315 1158 lex
2360 1094 2477 1158 sit
2520 1115 2649 1176 pu-

603 1184 778 1248 blica
837 1180 1211 1249 declaratur
1257 1181 1310 1244 1.
1357 1205 1418 1266 p.
1466 1179 1611 1243 644.
1658 1178 1745 1242 Ι).
1837 1177 2283 1259 Quamobrem
2324 1186 2648 1265 protenus

605 1268 898 1332 defertur
963 1265 1173 1330 oratio
1247 1264 1330 1329 ad
1410 1264 1884 1350 temperantiae
1956 1264 2307 1346 omnisque
2380 1262 2653 1326 virtutis

605 1351 1056 1437 disciplinam,
1119 1373 1288 1433 quae
1347 1371 1473 1435 ope
1533 1349 1821 1414 musicae
1879 1358 1947 1413 et
1989 1349 2210 1434 possis
2256 1349 2487 1412 nititur
2532 1347 2652 1411 ad-

606 1439 846 1502 iunctis
903 1435 1122 1500 choris
1176 1444 1244 1499 et
1285 1433 1767 1500 saltationibus.
1856 1433 2075 1498 Huius
2122 1442 2343 1500 autem
2362 1433 2487 1506 ‚vis
2531 1456 2654 1518 po-

609 1524 784 1586 nitur
847 1522 924 1600 ia,
975 1542 1092 1603 eo,
1153 1529 1229 1584 ut
1293 1518 1669 1603 voluptates
1740 1518 2135 1602 doloresque
2193 1518 2515 1584 moderari
2576 1538 2657 1581 ac

607 1627 838 1693 regere
899 1605 1263 1690 possimus,
1323 1627 1457 1687 quo
1516 1604 1773 1668 facilius
1850 1625 2019 1691 quae
2077 1602 2447 1690 expetenda
2518 1603 2660 1668 sint

611 1691 836 1774 sequi,
897 1699 965 1754 et
1007 1711 1180 1772 quae
1223 1689 1358 1754 sint
1397 1688 1757 1774 fugienda,
1814 1688 2042 1774 fugere
2101 1709 2659 1764 consuescamus3

615 1799 697 1859 ex
755 1796 922 1859 qua,
985 1797 1188 1858 quum
1242 1774 1412 1838 ratio
1474 1786 1539 1838 et
1598 1773 1805 1838 libera
1850 1774 2050 1838 animi
2094 1775 2385 1840 assensio
2432 1795 2662 1838 acces-

615 1861 800 1942 serit,
845 1860 1124 1927 virtus
1167 1857 1557 1924 efflorescat.
1615 1860 1942 1943 Apertum
1974 1867 2079 1922 est
2104 1859 2309 1946 igitur
2334 1859 2664 1924 hactenus

615 1949 750 2012 iam
810 1943 1173 2031 descriptas
1229 1965 1374 2010 esse
1421 1943 1605 2008 duas
1662 1943 1939 2008 virtutes
1985 1943 2167 2026 illas,
2231 1966 2397 2029 quas
2453 1965 2667 2027 supra

617 2029 898 2096 vidimus
941 2051 1102 2115 prae
1144 2029 1381 2094 ceteris
1425 2028 1729 2094 omnibus
1772 2028 2018 2111 requiri
2062 2028 2147 2094 ad
2186 2029 2497 2095 virtutem
2540 2051 2669 2115 po-

643 2117 908 2185 *ularem
953 2135 1228 2198 eamque
1260 2113 1549 2190 civilem3
1600 2135 1769 2196 quae
1814 2135 1984 2177 unae
2028 2113 2306 2178 maxime
2352 2114 2547 2178 etiam
2594 2115 2671 2178 in

673 2200 856 2266 olitia
899 2200 1280 2264 tribuuntur
1321 2197 1721 2283 reipublicae
1763 2197 2153 2265 >custodibus
2172 2248 2191 2281 ,
2256 2198 2368 2283 qui
2424 2199 2670 2264 incolis

619 2285 908 2352 civitatis
964 2286 1032 2349 in
1095 2283 1393 2369 Legibus
1460 2283 1849 2348 informatae
1909 2284 2045 2348 fere
2108 2283 2417 2368 aequales
2486 2292 2667 2350 sunt.

620 2376 802 2457 Apte
845 2393 1002 2436 vero
1049 2380 1117 2435 et
1159 2379 1654 2469 peropportune
1702 2367 2244 2435 liberalioris
2306 2371 2675 2435 institu-

621 2456 904 2521 tionis
963 2477 1055 2519 ac
1117 2453 1649 2539 disciplinae
1705 2454 1925 2520 ratio
1980 2453 2133 2521 inde
2188 2478 2228 2518 a
2270 2480 2336 2540 p.
2386 2458 2533 2521 655.
2576 2456 2672 2519 A.

623 2540 806 2607 Libr.
844 2538 943 2610 11.
991 2537 1362 2603 declaratur
1405 2538 1538 2619 sic,
1586 2547 1663 2602 ut
1700 2539 1971 2625 copiose
2015 2538 2097 2604 de
2156 2540 2675 2610 saltationi-

623 2627 780 2691 bus
827 2632 910 2687 et
955 2621 1296 2687 choreis
1342 2621 1723 2690 disseratur.
1812 2623 1985 2687 Nam
2015 2624 2101 2689 ad
2138 2625 2451 2690 musicam
2498 2646 2677 2709 quae

626 2716 968 2795 praeterea
1012 2706 1349 2792 pertinent
1393 2716 1567 2773 artes
1612 2707 2053 2791 liberaliores,
2100 2730 2249 2791 eae,
2295 2710 2496 2775 sicuti
2538 2710 2678 2775 iam

627 2814 828 2878 supra
903 2792 1416 2877 significavimus
1433 2841 1452 2874 ,
1528 2815 1599 2857 se
1648 2793 1808 2857 timo
1878 2792 2137 2859 demum
2192 2793 2359 2859 libro
2402 2795 2473 2859 in
2530 2792 2678 2859 dis—

629 2876 1068 2964 ceptationem
1125 2887 1467 2945 vocantur.
1572 2815 1773 2960 &uod
1834 2900 1951 2944 cur
1992 2878 2089 2942 ita
2132 2879 2509 2946 institutum
2552 2880 2676 2960 sit,

627 2986 698 3027 re
777 2962 1150 3026 accuratius
1235 2961 1654 3027 considerata
1730 2961 2242 3046 haudquaquam
2316 2964 2679 3029 obscurum

631 3048 773 3113 erit.
893 3047 1274 3133 Opponitur
1346 3048 1519 3111 enim
1603 3048 1708 3112 hic
1776 3050 2247 3132 temperantiae
2318 3049 2683 3133 disciplina

627 3134 710 3199 iis
759 3132 1188 3197 Doriensium
1235 3132 1596 3215 institutiS,
1646 3132 1889 3215 quibus
1931 3132 2101 3196 libro
2141 3134 2363 3217 priore
2408 3133 2679 3199 fortitu-

629 3218 853 3299 dinem
910 3218 1212 3289 bellicam
1273 3216 1573 3282 adiuvari
1631 3217 2146 3281 demonstratum
2205 3226 2339 3297 est,
2388 3216 2681 3303 ideoque

631 3304 780 3367 cum
821 3302 1398 3388 ⁴compotationum
1455 3302 1791 3367 mentione
1846 3302 2209 3387 iunguntur
2266 3303 2519 3367 musica
2574 3304 2683 3369 in-

631 3387 890 3466 stituta,
935 3386 1258 3470 imprimis
1303 3386 1695 3456 saltationes
1740 3396 1807 3451 et
1851 3384 2163 3468 choreae,
2210 3386 2450 3469 quibus
2494 3389 2683 3458 cives

633 3469 823 3556 apud.
900 3469 1342 3537 Athenienses
1456 3471 1761 3539 solebant
1852 3470 1937 3534 ad
2027 3472 2519 3557 temperantiam
2612 3484 2687 3537 et

631 3554 1056 3620 humanitatis
1127 3554 1390 3621 laudem
1465 3555 1885 3621 conformari.
2002 3554 2127 3620 Est
2204 3557 2411 3641 igitur
2464 3556 2687 3623 huius

633 3637 1101 3725 disputationis
1159 3642 1330 3705 ratio
1380 3662 1652 3725 prorsus
1699 3636 1960 3721 eadem,
2010 3661 2179 3723 quae
2214 3640 2433 3707 locum
2479 3641 2690 3709 habet

563 3746 570 3754 ·
631 3728 702 3791 in
758 3723 946 3789 libris
1004 3726 1110 3789 De
1172 3724 1580 3810 Republica,
1642 3726 1757 3791 ubi
1829 3732 2259 3809 posteaquam
2325 3725 2721 3793 custodum-.

633 3809 1045 3897 publicorum
1087 3831 1326 3879 munus
1387 3819 1457 3874 et
1500 3810 1791 3875 officium
1839 3808 2245 3896 descriptum
2290 3819 2417 3892 est,
2466 3813 2684 3877 conti-

633 3920 772 3961 nuo
831 3894 1016 3961 Libr.
1079 3894 1169 3959 11.
1233 3892 1388 3959 inde
1450 3918 1489 3959 a
1548 3920 1610 3981 p.
1674 3897 1819 3961 375.
1864 3892 1945 3957 E.
1992 3892 2301 3976 docetur,
2344 3896 2687 3977 quomodo

637 3981 732 4044 illi
777 3979 1064 4046 debeant
1121 3978 1363 4045 erudiri
1407 3979 1804 4059 liberaliter,
1852 3988 1927 4041 ut
1971 4001 2121 4043 cum
2166 3980 2435 4065 ingenio
2481 3982 2683 4053 vehe-

635 4066 952 4130 mentiore
1011 4073 1078 4129 et
1133 4063 1219 4128 ad
1280 4063 1731 4130 fortitudinem
1787 4061 2064 4148 proclivi
2134 4064 2328 4129 etiam
2372 4088 2683 4133 mansue-

637 4150 930 4215 tudinem
976 4159 1042 4213 et
1085 4149 1453 4235 sapientiae
1514 4148 2027 4215 moderationem
2074 4148 2503 4233 coniungant.
2592 4152 2685 4217 Et
