2857 4738
1630 76 1655 104 0

661 294 1114 367 1.xxxv111
1279 292 2007 359 PROLEGOMENA
2044 262 2051 272 '

659 464 930 548 aliquid,
993 462 1194 549 quod,
1243 465 1448 527 sicuti
1494 470 1863 527 structurae
1914 462 2329 528 insolentiam
2378 461 2688 548 quandam

658 573 738 635 pe
792 550 1023 631 ererit,
1087 550 1180 611 ita
1237 546 1431 612 etiam
1494 552 1734 611 maiore
1782 548 1981 611 animi
2026 549 2388 613 attentione
2436 547 2687 635 dignum

654 573 976 699 vidbatur.
1084 634 1188 697 Ex
1249 636 1494 718 quibus
1556 632 1861 697 omnibus
1908 643 2209 717 apertum
2254 634 2401 716 erit,
2446 640 2685 719 opinor,

656 721 823 785 scite
879 742 1037 785 sane
1097 718 1171 783 a‘c
1219 729 1495 783 venuste
1544 718 2013 804 negligentiam
2057 719 2232 783 illam
2278 720 2686 805 compositio·

655 806 758 871 nis
803 803 1223 891 periodorum
1273 828 1420 868 cum
1484 798 1799 869 mediocri
1858 805 2102 889 pariter
2158 814 2356 889 atque
2405 806 2686 891 graviore

653 903 722 955 et
764 890 1142 973 sublimiore
1183 889 1445 955 dicendi
1504 912 1746 975 genere
1791 888 1859 951 in
1902 888 2005 953 his
2052 890 2237 955 libris
2282 892 2685 955 coniunctam

655 998 834 1058 esse,
912 984 986 1039 ut
1039 974 1222 1039 nullo
1281 977 1418 1039 iure
1478 996 1912 1057 quaecunque
1971 974 2053 1039 ad
2117 998 2259 1042 eam
2330 976 2685 1041 referuntur

654 1086 688 1123 a
737 1060 986 1126 criticis
1041 1061 1176 1125 sint
1238 1060 1626 1147 vituperata.
1722 1059 1865 1123 Nec
1927 1082 2081 1124 vero
2138 1060 2377 1125 iisdem
2436 1061 2561 1127 illis
2602 1061 2683 1126 sic

653 1145 1040 1230 simpliciter
1100 1144 1181 1209 de
1227 1167 1304 1210 co
1349 1144 1823 1233 suffragamur,
1868 1146 2047 1229 quod
2095 1146 2162 1210 in
2206 1145 2540 1212 rhetorica
2576 1170 2683 1231 po-

652 1234 978 1297 tissimum
1053 1230 1374 1296 orationis
1464 1230 1985 1312 conformatione
2058 1232 2400 1318 complura
2489 1232 2683 1297 inesse

651 1326 1076 1397 censuerunt,
1127 1338 1293 1399 quae
1334 1338 1601 1403 gravem
1646 1326 2018 1380 mereantur
2064 1326 2285 1381 notam
2317 1319 2681 1383 censoriam.

653 1404 759 1465 De
827 1403 1062 1487 quibus
1125 1400 1386 1485 quidem
1454 1402 1651 1466 rebus
1721 1399 1845 1466 Ed.
1928 1402 2320 1467 Zellerus
2404 1403 2684 1489 disputat

651 1488 944 1555 Studior.
1005 1488 1309 1551 Platoun.
1374 1510 1439 1572 p.
1503 1490 1581 1551 74
1642 1509 1740 1570 sq.
1806 1496 1871 1551 et
1931 1490 2031 1551 78.
2078 1510 2221 1573 sqq.
2310 1488 2484 1555 Sunt
2546 1512 2681 1555 vero

652 1575 778 1637 tria
819 1572 1256 1659 potissimum,
1304 1595 1475 1655 quae
1531 1571 1639 1635 ille
1689 1572 1995 1656 scriptori
2041 1577 2237 1639 vertit
2282 1574 2467 1639 vitio.
2556 1576 2683 1647 Pri·‚

649 1682 821 1723 mum
881 1658 1051 1721 enim
1111 1658 1204 1721 ait
1265 1658 1466 1721 multa
1523 1656 2028 1743 supramodum
2078 1659 2306 1745 augeri
2374 1661 2680 1745 nimisque

648 1742 780 1809 dici
875 1742 1254 1820 eneraliter3
1301 1741 1480 1827 quod
1526 1752 1788 1808 constat
1827 1744 2101 1809 tumoris
2144 1768 2289 1811 esse
2337 1747 2678 1833 proprium.
2727 1754 2741 1763 '

649 1766 910 1893 Deinde
941 1827 1366 1912 reprehendit
1401 1829 1669 1893 nimiam
1703 1829 2017 1893 orationis
2052 1832 2679 1912 verbositatemffitan·

649 1938 843 1999 quam
895 1914 1152 1978 inanem
1193 1914 1672 2001 garrulitatem,
1720 1937 1851 1998 qua
1896 1916 2265 1981 sententiae
2302 1925 2547 1982 temere
2576 1940 2683 2001 per

646 1999 982 2085 longiores
1018 2000 1364 2065 verborum
1399 2000 1711 2085 ambages
1740 1999 2102 2079 ducantur3
2131 2002 2217 2065 in
2268 2025 2405 2085 quo
2432 2004 2678 2087 frigoris

647 2086 876 2149 vitium
921 2087 1200 2149 maxime
1247 2087 1424 2151 cerni
1463 2088 1789 2150 novimuS.
1870 2084 2213 2151 Postremo
2262 2089 2463 2153 etiam
2520 2088 2680 2153 dele-

645 2181 821 2235 ctum
857 2170 1242 2256 imaginum,
1273 2170 1861 2257 comparationum,
1891 2172 2340 2255 exemplorum
2392 2174 2678 2259 denique,

643 2279 871 2341 parum
919 2266 1148 2341 aptum
1197 2278 1341 2322 esse
1371 2257 1751 2338 arbitratur,
1800 2254 1981 2337 quod
2027 2267 2126 2321 est
2158 2261 2484 2325 sermonis
2528 2259 2679 2323 male

644 2341 930 2408 affectati
988 2341 1092 2408 vel
1152 2351 1320 2407 etam
1384 2340 1653 2406 inficeti.
1760 2339 2021 2422 Quibus
2079 2342 2345 2427 quidem
2395 2346 2679 2411 crimina·

643 2428 936 2494 tionibus
981 2429 1142 2492 licet
1189 2451 1322 2492 non
1369 2428 1555 2491 inviti
1599 2427 1956 2514 largiamur
1998 2429 2313 2494 nonnihil·
2357 2433 2493 2496 veri
2538 2431 2675 2496 sub·

643 2534 812 2595 esse,
860 2512 1039 2594 quod
1085 2513 1278 2595 quale
1326 2513 1437 2594 sit,
1489 2511 1843 2596 postmodo
1893 2513 2303 2598 ostendetur,
2350 2527 2565 2581 tamen
2609 2539 2677 2580 ea

644 2598 662 2659 i
721 2619 814 2668 sa,
861 2618 1030 2680 quae
1077 2594 1159 2658 ad
1207 2596 1723 2662 confirmandam
1768 2597 2022 2664 illarum
2054 2602 2396 2666 veritatem
2446 2604 2513 2666 in
2558 2623 2675 2665 me-

643 2621 824 2744 dium
871 2680 1071 2744 allata
1116 2690 1294 2764 sunt,
1340 2683 1717 2765 neutiquam
1762 2683 2079 2748 eiusmodi
2130 2708 2277 2751 esse
2323 2710 2673 2766 censemuS,

643 2775 718 2829 ut
777 2787 1022 2830 naevos
1082 2766 1248 2830 istos
1321 2767 1388 2830 in
1452 2767 1795 2854 ¹Platonico
1853 2789 2049 2856 opere
2132 2794 2365 2836 revera
2426 2773 2673 2838 haerere

643 2850 989 2936 perspicue
1055 2850 1479 2938 intelligatur.
1606 2853 1872 2918 Habent
1932 2856 2106 2918 enim
2166 2859 2389 2922 omnia
2446 2859 2545 2922 vel
2568 2912 2581 2922 ..
2602 2879 2673 2920 ex

642 2935 898 3022 vulgari
963 2935 1273 3020 loquendi
1333 2936 1845 3020 consuetudine,
1912 2941 2109 3004 etiam
2152 2943 2299 3007 aliis
2348 2943 2672 3029 scriptori-

635 3021 766 3102 bus
823 3022 1188 3103 communi,
1252 3023 1354 3088 vel
1414 3047 1498 3087 >ex
1560 3045 1799 3109 genere
1863 3023 2165 3109 dicendi,
2230 3028 2414 3112 quod
2476 3029 2571 3094 his
2612 3028 2670 3092 in

638 3106 821 3172 libris
884 3107 1294 3189 dominatur,
1355 3107 1664 3192 quodque
1729 3111 1794 3173 in
1858 3112 2309 3196 superioribus
2382 3116 2671 3178 universe

637 3191 1210 3277 adumbravimus,
1288 3217 1424 3258 non
1484 3193 1680 3258 modo
1740 3197 2230 3262 excusationem
2300 3199 2421 3264 sed
2492 3200 2671 3264 etiam

637 3276 1136 3362 explicationem
1197 3280 1361 3343 satis
1423 3278 1766 3358 idoneam,
1830 3289 1905 3345 ut
1948 3304 2079 3345 non
2126 3283 2247 3366 sit,
2295 3307 2415 3350 cur
2460 3307 2671 3349 eorum

636 3363 888 3426 fontem
947 3363 1015 3426 in
1077 3365 1424 3444 scribentis
1480 3364 1744 3430 inscitia
1800 3375 1917 3429 aut
1958 3365 2195 3432 inertia
2237 3368 2668 3452 quaerendum

637 3447 1102 3512 existimemus.
1208 3448 1344 3516 Sed
1403 3449 1795 3514 accedamus
1854 3450 1939 3513 ad
2002 3451 2342 3518 lustranda
2396 3455 2667 3542 singula,

615 3543 770 3614 ’quo
836 3533 1082 3596 certius
1140 3535 1614 3620 perspiciatur,
1679 3536 2071 3618 quibusnam
2134 3539 2506 3616 rationibus
2562 3562 2667 3603 no-

637 3627 775 3682 stra
819 3617 1126 3682 fulciatur
1169 3621 1513 3685 sententia.
1913 3659 1920 3666 ·

810 3702 1129 3767 Dicamus
1189 3707 1393 3790 igitur
1451 3706 1727 3790 primum
1786 3705 1868 3770 de
1916 3708 2384 3795 hyperbolicae
2434 3713 2665 3775 oratio-

634 3789 736 3852 nis
797 3786 1150 3872 exsszmplis,
1221 3813 1392 3873 quae
1454 3791 1839 3857 Zellerus
1886 3794 2127 3860 attulit.
2219 3795 2323 3860 Ea
2370 3820 2528 3860 vero
2573 3819 2666 3859 ar-

633 3873 950 3938 bitr-amur
1003 3876 1219 3938 onmia
1265 3877 1411 3952 ‚sere
1482 3899 1624 3941 esse
1684 3878 2047 3963 eiusmodi,
2108 3895 2182 3945 ut
2239 3882 2307 3946 in
2375 3881 2459 3948 iis
2516 3878 2689 3946 nihil.

632 3958 1224 4042 animadvertatur,
1275 3960 1488 4046 quod,
1550 3984 1617 4024 re
1665 3960 2049 4048 diligentius
2094 3969 2496 4049 examinata,
2544 3987 2664 4031 me-

631 4043 755 4106 rito
815 4045 1126 4111 vitiosum
1202 4068 1496 4112 censeaS.
1606 4047 1860 4112 Etenim
1920 4051 2032 4117 illa
2092 4051 2270 4118 Libr.
2322 4053 2373 4116 1.
2422 4077 2483 4138 p.
2530 4053 2662 4114 636.

633 4127 711 4198 Β.
773 4128 937 4194 ἀλλὰ
1001 4139 1109 4196 καὶ
1181 4139 1447 4213 θηρίων
1515 4135 1754 4220 meast).
1815 4137 2121 4202 usitatam
2183 4161 2341 4203 sane
2384 4138 2669 4204 referunt.
