2857 4738
876 345 1132 420 12113111
1182 352 1544 436 QUINTI.
1685 335 1700 380 ²
2179 339 2238 415 '9

206 521 475 588 videndi
543 520 905 608 rationem,
986 523 1067 589 ab
1140 531 1245 588 ea'
1278 524 1371 590 ita
1440 523 1746 590 rec-edere
1814 524 2040 590 licebit
2064 573 2083 606 ‚
2164 534 2241 588 ut

206 633 285 676 ea
326 607 683 695 deligatur,
733 631 899 693 quae
926 609 1005 695 'ei
1048 609 1137 675 sit
1178 609 1520 676 simillima.
1607 609 1783 678 Huic
1828 633 1983 676 vero
2029 618 2238 674 terrae

210 695 525 760 divisioni
585 695 787 760 etiam
858 696 1100 760 civium
1164 694 1564 781 respondeat
1622 694 1877 761 divisio.
1997 695 2239 760 Distri-

211 783 504 846 buantur⁴
558 779 767 867 igitur
806 780 901 845 illi
948 782 1116 862 item,
1148 781 1217 845 in
1260 781 1472 848 tribus
1520 781 1918 860 duodecim3·
1965 781 2240 867 singulis

204 877 429 950 aute-m
474 865 781 932 tribubus
823 867 1068 952 praesit
1099 866 1335 951 aliquis
1380 868 1589 949 Deus,
1636 868 1730 932 ita
1774 878 1849 934 ut
1869 866 2242 936 'duodecim

202 953 424 1018 tribus
501 975 543 1016 a
615 949 962 1017 duodecim
1036 951 1162 1017 diis
1240 935 1806 1040 cognominentur.
1925 953 2242 1020 Similiter

202 1039 413 1104 etiam
472 1034 633 1102 urbs
710 1038 781 1101 in
852 1036 1203 1103 duedecim
1256 1043 1500 1125 partes'
1551 1038 1962 1106 describatur
2017 1039 2240 1124 ibique
2293 1119 2298 1123 ¹

210 1123 448 1207 domus
492 1122 747 1188 civibus
792 1123 1211 1210 assignentur
1254 1126 1349 1211 (p.
1397 1126 1540 1190 745.
1587 1125 1663 1188 Β.
1715 1161 1788 1176 -
1837 1126 1970 1208 EQ.
2187 1169 2196 1178 ›
2285 1133 2290 1138 ’

382 1210 614 1294 Atque
655 1207 818 1274 haec
868 1209 1132 1295 quidem
1179 1208 1259 1274 de
1305 1233 1614 1297 agrorum⁸
1657 1219 1724 1276 et
1763 1205 2241 1276 habitationum

214 1293 545 1361 divisione
590 1293 865 1380 aliisque
906 1295 1103 1361 rebus
1149 1294 1234 1360 ad
1274 1319 1416 1361 eam
1511 1296 1959 1362 ertinentibus.
2050 1295 2240 1378 Quae

210 1381 269 1446 si
326 1381 445 1465 qui
491 1389 686 1446 erunt
723 1380 893 1445 inter
950 1383 1126 1446 cives
1198 1383 1309 1466 qui
1356 1320 1628 1468 mofeste
1671 1382 1890 1447 ferant
1932 1383 2240 1466 iustoque

208 1468 553 1532 severiora
612 1467 697 1548 et'
730 1467 1065 1554 graviora'
1095 1467 1510 1552 existiment,
1573 1467 1656 1532 iis
1716 1464 2241 1556 persuadendum

204 1563 335 1637 est,
381 1552 515 1618 ista
556 1551 774 1617 omnia
816 1576 946 1616 non
990 1553 1130 1618 sine
1172 1551 1410 1618 idonea
1453 1575 1690 1637 caussa
1729 1553 2032 1618 instituta
2074 1572 2239 1636 esse,

202 1637 754 1726 quandoquidem
798 1637 1072 1722 tendant
1124 1660 1224 1722 eo,
1268 1648 1344 1704 ut
1384 1639 1619 1706 civitas
1665 1638 1748 1704 ad
1797 1663 1996 1724 quam
2037 1638 2241 1704 maxi-

204 1748 381 1790 mam
426 1724 900 1810 perfectionem
946 1723 1343 1804 adducatur3
1394 1747 1564 1809 quae
1600 1735 1824 1797 autem
1865 1749 1985 1812 pro
2024 1747 2241 1802 rerum

84 1861 93 1868 .
208 1822 450 1877 natura
509 1820 579 1876 et
635 1809 1013 1875 conditione
1058 1833 1191 1876 non
1285 1819 1549 1878 oterunt
1589 1807 1818 1897 perfici
1861 1803 2059 1896 atque
2097 1827 2244 1876 rata

208 1897 380 1978 fieri,
426 1919 509 1962 ea
551 1896 1251 1983 sapientencommuta
1298 1907 1501 1962 untur
1551 1898 1647 1982 (p.
1693 1899 1838 1964 746.
1881 1897 1966 1964 Α.
1996 1935 2078 1946 -
2109 1894 2240 1981 C.).

122 2015 133 2024 ·
202 2021 287 2035 -·-
338 1983 700 2050 Praeterea
739 1981 895 2047 ‘vero
942 1981 1294 2070 diligenter
1350 1982 1421 2048 id
1467 1983 1917 2069 spectandum,
1972 1991 2108 2068 est,
2170 1995 2246 2046 ut

204 2072 279 2137 in
322 2068 631 2134 omnibus
682 2068 973 2134 civitatis
1035 2069 1333 2155 partibus
1362 2083 1367 2088 “
1394 2070 1610 2134 omnia
1664 2069 1749 2133 ad
1804 2067 2069 2134 modum
2123 2070 2246 2133 ‘nu-

215 2176 597 2239 merumque
656 2163 1089 2240 attemperata
1132 2155 1299 2239 sint,
1346 2155 1550 2220 veluti
1594 2154 1839 2218 civium
1885 2155 2244 2221 communi-

216 2249 426 2320 tates,
489 2240 763 2306 militum
820 2236 1083 2305 ordine‘s
1140 2232 1209 2306 et
1266 2241 1551 2328 agmina,
1609 2240 1831 2322 numi,
1878 2241 2244 2320 mensurae,

217 2323 381 2407 alia,
424 2347 543 2389 nec
584 2344 864 2410 usquam
909 2324 992 2391 ab
1036 2349 1114 2391 eo
1161 2325 1573 2408 deflectatur,
1621 2323 1798 2411 quod
1840 2325 2083 2389 iustum
2130 2323 2245 2389 ha-

216 2413 384 2475 beat
438 2410 709 2476 modum.
816 2412 968 2494 Qua
1030 2413 1095 2477 in
1154 2436 1223 2479 re
1285 2412 1413 2478 dici
1472 2432 1606 2477 non
1667 2420 1884 2498 potest
1929 2421 2244 2495 quantum

218 2496 446 2561 valeat
489 2496 929 2565 arithmeticae
968 2498 1278 2563 studium.
1370 2496 1702 2581 Quocirca
1756 2497 1933 2564 cives
1991 2498 2060 2560 in
2105 2496 2249 2563 {hac

210 2592 359 2649 arte
402 2570 789 2649 instituendi
832 2592 1021 2667 sunt,
1080 2586 1462 2671 praesertim
1509 2608 1708 2670 quum
1756 2584 1894 2650 eius
1938 2584 2246 2649 tractatio

206 2670 408 2735 etiam
466 2668 665 2733 animi
717 2670 889 2735 vires
950 2672 1225 2754 excitet,
1298 2665 1620 2739 indociles
1683 2670 1930 2739 efficiat
1972 2669 2244 2753 dociles,

211 2755 443 2821 tardos
519 2754 832 2839 denique
870 2778 1141 2842 sagaces
1211 2768 1281 2821 ‘et
1336 2769 1568 2823 acutos
1640 2756 1928 2824 reddat.'
1991 2755 2272 2838 Quam-.

211 2864 409 2927 quam
452 2841 619 2906 haec
659 2840 1071 2907 arithmetica
1114 2842 1441 2909 institutio
1488 2846 1580 2908 ita
1624 2854 1880 2909 tantum
1947 2842 2126 2908 bona
2183 2843 2251 2906 'et

208 2926 569 2995 laudabilis
628 2927 786 3010 erit,
842 2928 901 2991 si
961 2926 1293 2996 illiberalis
1356 2953 1435 2995 ac
1477 2928 1746 3015 sordida
1790 2926 2088 2992 lucrandi
2134 2950 2247 2991 cu-

192 3012 459 3100 ‚piditas
517 3013 600 3079 ab
659 3012 1051 3078 discentium
1108 3015 1339 3097 animis
1387 2998 1615 3101 procul
1673 3014 2023 3091 habeatur3
2087 3012 2247 3075 alio-

256 3102 371 3164 uin
434 3100 554 3185 pe'r
620 3122 758 3163 eam
816 3099 1008 3164 facile
1055 3099 1417 3185 calliditas,
1466 3100 1744 3181 astutia,
1806 3096 2249 3163 fraudulentia

210 3124 525 3270 denique,
572 3185 1045 3270 procreabitur,
1089 3184 1158 3250 id
1196 3185 1378 3269 quod
1410 3185 1764 3275 Aegyptiis
1809 3194 1876 3249 et
1902 3182 2249 3249 Phoenici-

210 3272 341 3336 bus
396 3264 1069 3354 constatfaccidissffi
1132 3271 1273 3336 sive
1319 3273 1460 3338 eius
1503 3274 1598 3337 rei
1643 3292 1876 3336 caussa
1918 3270 1988 3333 in
2029 3269 2250 3356 legum
2330 3344 2336 3351 ⁸

206 3358 540 3445 pravitate
605 3358 744 3423 sive
804 3358 874 3421 in
932 3358 1049 3420 fati
1110 3357 1391 3441 quadam
1436 3357 1780 3444 iniquitate
1825 3356 1963 3421 sive
2008 3356 2077 3420 in
2122 3355 2252 3421 alia

212 3442 501 3527 quadam
557 3466 627 3507 re
674 3443 872 3507 fuerit
927 3443 1165 3529 posita.
1269 3444 1442 3508 Nam
1509 3453 1746 3507 natura
1789 3442 2122 3530 locorum,
2177 3464 2254 3508 ac

208 3528 388 3592 coeli
440 3529 791 3616 temperies
850 3530 1005 3593 item
1062 3526 1364 3615 magnam
1426 3526 1628 3595 habet
1698 3529 1830 3595 vim
1892 3528 1975 3594 ad
2021 3534 2251 3611 {mores

206 3613 546 3679 hominum
606 3614 711 3679 vel
770 3614 1213 3679 emendandos
1270 3615 1375 3679 vel
1445 3614 1641 3679 etiam
1710 3612 2240 3700 corrumpendos.

198 3699 367 3783 Quo
410 3700 476 3766 in
523 3700 1237 3787 generepraestabunt
1276 3701 1324 3765 ii
1368 3700 1537 3781 loci,
1583 3701 1650 3765 in
1697 3702 1948 3786 quibus,
1981 3701 2243 3767 divinus

198 3785 479 3873 quidam
538 3800 775 3874 regnat
828 3784 1092 3851 afflatus
1166 3797 1234 3850 et
1291 3786 1434 3873 agri
1492 3786 1618 3852 diis
1681 3797 1858 3853 sorte
1921 3779 2244 3873 assignati
2351 3804 2358 3812 ·

192 3881 457 3956 extant,
508 3873 623 3938 ubi
670 3871 763 3937 dii
806 3894 1105 3958 quosque
1161 3873 1431 3939 colonos
1477 3873 1752 3961 propitii.
1799 3873 2120 3958 recipient
2163 3894 2242 3935 ac

194 3959 517 4025 vicissim.
622 3957 815 4041 Quae
877 3956 1141 4043 quidem
1203 3959 1318 4043 qui
1374 3957 1558 4049 leges
1618 3960 1866 4025 laturus
1931 3964 2074 4040 est,
2137 3956 2252 4021 ubi

196 4045 687 4131 respectaverit
747 4069 867 4130 pro
928 4044 1210 4122 viribus,
1274 4059 1409 4109 tum
1449 4045 1659 4131 leges
1720 4044 2005 4112 scribere
2050 4054 2248 4133 cona-

81 4214 83 4217 *
194 4132 409 4198 bitur.

802 4283 872 4288 --·
910 4263 1656 4306 ”wa——
