2857 4738
842 345 966 410 nn
1012 342 1434 448 LEGIBUS
1460 341 1605 412 aa.
2059 348 2242 412 xm

186 516 393 582 critici
460 516 664 580 etiam
721 522 967 580 rectam
1026 512 1467 598 subtilemque
1525 518 1812 582 universi
1876 519 2242 604 argumenti

183 601 691 683 tractationem,
756 597 1292 683 quandoquidem
1354 601 1520 665 nihil
1561 604 1696 666 iere
1743 611 1896 688 apte
1940 603 2242 688 partibus

184 688 317 752 suis
390 685 831 772 descriptum,
872 684 1033 749 nihil
1083 685 1261 748 iusto
1311 685 1544 752 ordine
1591 689 1990 772 explicatum
2013 735 2032 770 .‚
2078 686 2242 751 nihil

182 771 473 856 denique‘
516 795 613 836 ex
668 771 1014 857 principiis
1071 771 1210 836 suis⁴
1264 779 1580 855 tanquam
1625 772 1924 838 fontibus
1969 772 2242 838 ductum

183 868 377 943 atque
415 859 779 944 repetitum
824 877 971 921 esse
1030 856 1379 940 conquesti
1439 866 1610 922 sunt.
1702 858 2058 924 Enimvero
2089 879 2242 922 cen-

183 953 459 1008 suerunt
514 942 614 1007 illi
670 944 733 1026 ¹⁸)
795 941 1095 1024 Platoni,
1141 940 1247 1005 vel
1295 943 1523 1026 potius
1565 943 1794 1030 ignoto
1839 944 1988 1027 isti,
2049 965 2242 1028 quem

180 1029 521 1094 finxerunt
539 1074 560 1110 ,
626 1027 933 1114 scriptori
992 1027 1059 1090 in
1121 1025 1215 1091 rei
1276 1029 1660 1114 propositae
1703 1030 2097 1094 tractatione
2145 1030 2246 1094 sic

183 1113 385 1180 fuisse
450 1111 849 1179 versandum
869 1161 889 1196 ‚
950 1119 1025 1176 ut
1083 1112 1159 1176 in'
1204 1113 1423 1198 priore
1469 1123 1660 1198 parte
1707 1115 1929 1215 operis
1975 1115 2242 1180 omnino

182 1221 455 1266 caussas
502 1221 585 1264 ac
625 1197 951 1285 principia
992 1197 1369 1276 illustraret,
1416 1199 1658 1283 quibus
1699 1199 1938 1266 civitas
1981 1200 2249 1287 legibus-

178 1283 469 1350 fundata
538 1285 859 1371 ipsaeque
928 1283 1114 1369 leges
1182 1282 1582 1368 niterentur,
1663 1285 1955 1370 itemque
2025 1309 2244 1350 rerum

180 1369 614 1436 definitiones
671 1377 984 1456 poneret,
1030 1368 1101 1434 in
1147 1370 1512 1455 posteriore
1545 1380 1778 1436 autem
1819 1371 2030 1458 ipsam
2081 1371 2246 1435 civi·

178 1465 393 1522 tatem
456 1463 657 1540 atque
714 1455 897 1543 leges
960 1476 1039 1519 eo
1102 1453 1423 1520 conderet
1482 1455 1683 1521 modo
1701 1505 1720 1538 ,
1767 1465 1865 1539 ut,
1915 1465 2243 1541 quatenus

180 1541 299 1608 hae
370 1541 457 1606 ab
518 1541 653 1606 illis
712 1540 1327 1627 proficiscerentur,
1390 1563 1587 1626 quam
1630 1541 1994 1607 clarissime
2033 1543 2246 1627 'appa-

182 1635 397 1704 reret3
456 1625 553 1691 ita
608 1625 783 1691 enim
841 1627 1135 1690 futurum
1181 1625 1422 1710 fuisse,
1481 1636 1560 1692 ut
1601 1627 1985 1716 legumlatio
2031 1626 2246 1693 omnis

184 1712 531 1778 videretur
586 1708 671 1776 ad
730 1711 1053 1776 rationem
1110 1719 1430 1795 tanquam
1503 1713 1751 1778 fontem
1807 1725 1875 1778 et
1945 1733 2242 1778 caussam

185 1819 381 1863 snam
440 1805 751 1862 revocata
818 1819 989 1862 esse.
1094 1802 1427 1881 Apertum
1483 1821 1642 1864 vero
1699 1808 1840 1881 est,
1898 1798 2246 1863 Platonem

89 1951 98 1961 ,
184 1905 345 1949 sane
412 1883 712 1968 potuisse
767 1905 907 1947 rem
964 1883 1095 1947 isto
1149 1882 1347 1948 modo
1402 1882 1782 1967 instituere,
1820 1884 2244 1968 tentavitque

187 1991 331 2034 eam
392 1967 569 2034 viam
628 1965 1119 2054 quodammodo
1176 1966 1375 2034 etiam
1433 1967 1674 2036 Cicero
1731 1970 1800 2034 in
1861 1993 1940 2036 eo
2013 1970 2242 2054 opere,

190 2053 374 2139 quod
434 2053 519 2118 de
574 2053 835 2140 legibus
898 2053 1293 2140 composuit.
1395 2053 1535 2122 Sed
1575 2063 1872 2142 apertum
1915 2057 2074 2120 item
2117 2063 2245 2135 est,-

191 2161 519 2206 snmmum
578 2139 1043 2225 philosophum
1063 2186 1082 2221 .‚
1148 2139 1403 2206 etiamsi
1459 2141 1607 2226 ipse
1651 2142 1838 2208 Libr.
1883 2141 1939 2207 I.
1985 2164 2050 2226 p.
2097 2142 2244 2205 632.

190 2225 279 2290 D.
340 2224 429 2290 E.
488 2223 687 2290 talem
762 2225 1125 2290 rationem--
1154 2223 1540 2312 designasse
1613 2227 1952 2308 videatur,
2025 2235 2247 2290 tamen

192 2309 377 2376 alind
416 2309 546 2376 iter
586 2309 961 2398 ingressum
1003 2331 1171 2389 esse,
1216 2310 1423 2395 idque
1469 2311 1666 2395 quale
1695 2312 1806 2393 sit,
1849 2311 2034 2411 prius
2067 2317 2248 2375 certe

194 2396 731 2483 investigandum
785 2397 944 2480 fuit,
1022 2418 1219 2481 quam
1272 2416 1510 2461 caussa
1563 2418 1698 2460 non
1753 2405 1918 2461 satis
1977 2416 2057 2461 co
2157 2394 2248 2462 ‘ta

192 2490 511 2568 protenus
538 2483 609 2547 in
654 2482 873 2567 ipsum
914 2482 1189 2547 inertiae
1222 2481 1470 2547 crimen
1500 2480 1960 2548 coniiceretur:
2113 2474 2249 2546 uod

196 2567 253 2633 si
298 2567 387 2632 ab
428 2568 536 2651 iis,
586 2568 703 2653 qui
746 2566 829 2635 de
872 2590 952 2633 ea
996 2590 1067 2633 re
1108 2566 1566 2655 disputarunt,
1609 2568 1706 2632 ita
1746 2567 1996 2635 factum
2043 2576 2243 2648 esset,

196 2652 503 2741 profecto
560 2653 851 2718 futurum
898 2661 1063 2736 erat,
1110 2662 1189 2719 ut
1226 2653 1357 2739 ipsi
1404 2653 1808 2737 faterentur,
1855 2673 2004 2719 eum
2050 2671 2248 2753 quem

195 2746 477 2825 crepant
558 2740 733 2805 artis
794 2739 1171 2827 neglectum
1251 2760 1484 2803 revera
1555 2758 1702 2805 esse
1759 2738 2089 2805 Platonici
2145 2740 2250 2803 in-

190 2824 372 2912 genii
420 2836 489 2889 et
531 2824 899 2913 elegantiae
943 2833 1183 2900 testem
1226 2824 1836 2894 luculentissimum.
1974 2859 1979 2865 ·

368 2944 619 3011 Verum
677 2967 838 3035 age,
888 2964 968 3010 ex
1016 2945 1217 3010 licare
1278 2942 1409 3008 iam
1451 2965 1766 3009 conemur
1806 2966 1942 3009 rem
1983 2952 2246 3010 contro·
2337 2942 2344 2949 ’

195 3052 457 3096 versam
516 3039 585 3095 et
646 3030 905 3117 plenam
967 2968 1396 3097 dissensionis
1441 3030 1613 3094 inter
1654 3029 1951 3095 homines
1999 3029 2249 3095 doctis-

196 3118 439 3200 simos,
500 3114 619 3183 sed
682 3115 1039 3217 aliquando
1096 3126 1319 3182 tamen
1362 3113 1466 3179 dis
1519 3113 1840 3180 iciendam
1885 3136 1962 3179 ac
2009 3112 2250 3177 diiudi-

196 3200 499 3267 candam.
591 3198 745 3283 Qua
792 3202 1121 3285 illustrata
1164 3198 1425 3265 demum
1483 3208 1747 3265 uturum
1794 3198 1940 3282 erit,
1989 3196 2250 3287 opinor,

196 3296 273 3352 ut
331 3286 415 3351 de
474 3286 763 3353 universi
808 3287 1027 3373 operis
1053 3336 1072 3369 ‚
1132 3285 1309 3371 quod
1355 3294 1460 3351 est
1505 3284 1592 3350 de
1627 3282 1952 3371 Legibus,
1997 3294 2142 3350 arte
2189 3295 2256 3349 et

198 3370 679 3459 compositione
740 3372 985 3439 rectius
1041 3372 1256 3458 possit
1318 3370 1525 3437 statui
1570 3380 1638 3436 et
1681 3367 1992 3453 iudicari,
2057 3392 2252 3455 quam

198 3456 421 3524 adhuc
476 3456 726 3523 factum
782 3456 1119 3540 videmus,
1179 3455 1506 3541 siquidem
1561 3454 1858 3543 plerique
1916 3478 2142 3523 omnes
2187 3456 2254 3520 in

199 3566 279 3609 ea
336 3544 609 3608 fuerunt
671 3545 991 3609 sententia
1013 3592 1033 3627 ,
1080 3552 1159 3608 ut
1202 3541 1495 3609 ordinem
1545 3540 2136 3629 argumentationis
2185 3542 2254 3607 in
2373 3576 2377 3581 -

125 3626 135 3635 ”
199 3650 278 3694 eo
324 3628 529 3717 plane
573 3626 933 3695 desiderari
979 3628 1449 3696 existimarent.

376 3766 611 3849 Atque
668 3764 835 3830 illud
890 3764 1157 3851 quidem
1214 3772 1283 3829 et
1322 3771 1551 3829 notum
1591 3764 1758 3829 satis
1800 3759 1999 3827 h‘odie
2042 3769 2142 3827 est
2187 3771 2256 3825 et

202 3874 243 3915 a
304 3848 505 3917 nobis
566 3849 731 3935 ipsis
776 3850 905 3916 alio
970 3850 1119 3916 loco
1190 3848 1710 3918 demonstratum
1731 3895 1752 3930 ‚
1813 3846 1899 3913 ad
1959 3846 2257 3911 Platonis

201 3934 512 4025 dialogos
580 3944 763 4001 recte
818 3933 1285 4029 intelligendos
1347 3934 1544 4021 plane
1601 3952 1748 4001 esse
1793 3931 2256 4015 necessarium,

266 4212 321 4274 ΙΙ·)
359 4210 513 4261 Fecit
550 4210 657 4259 hoe
692 4208 933 4270 inprimis
971 4208 1275 4261 zanetus
1314 4185 1470 4260 stud}
1507 4206 1644 4260 Piae.
1681 4222 1732 4271 p.
1769 4205 1856 4259 29.
1894 4204 1978 4257 30.
2016 4204 2100 4259 34.

2706 722 2714 742 a

2737 137 2752 146 ἱ

2828 899 2831 904 ,
2819 205 2832 870 ,μμμιι--μμ-ψΑ-μ-ΑΑμ-ᾸΑῌΑ
2828 147 2831 184 -,
2827 93 2831 132 n-.
2829 63 2831 72 -
2828 23 2831 46 -
