2857 4738
563 305 696 370 LX
1215 303 1947 372 PROLEGOMENA

729 476 866 542 Sed
905 477 1068 544 satis
1109 476 1274 542 haec
1319 475 1400 542 de
1444 475 1663 542 Clinia
1708 486 1777 542 et
1832 476 1947 542 Me
1996 475 2129 541 illo.
2200 477 2455 544 ‘Monet
2494 499 2607 544 res

559 563 726 649 ipsa,
775 573 852 628 ut
899 561 1114 649 paulis
1166 585 1238 626 er
1279 571 1685 628 revertamur
1730 561 1814 628 ad
1862 565 1957 626 At
2004 562 2359 648 eniensem,
2406 585 2611 648 quem
2694 650 2703 656 ,

559 651 688 714 iam
731 670 936 734 supra
976 587 1418 716 intelleximus
1463 647 2001 736 prudentissimo,
2036 649 2311 714 consilio
2366 649 2436 714 in
2495 649 2609 716 his
2682 655 2693 660 ’

557 734 745 800 libris
801 735 1184 819 loquentem
1239 733 1487 800 induci.
1593 735 1686 800 Et
1746 735 1803 800 is
1868 732 2133 819 quidem
2195 735 2477 806 sustinet
2528 736 2610 799 in

559 821 662 886 his
707 819 1138 902 sermonibus,
1186 820 1380 886 sicuti
1420 843 1543 906 par
1584 830 1718 903 est,
1762 829 1983 906 partes
2028 820 2384 906 primarias.
2474 821 2613 888 Est
2676 886 2691 890 -

562 906 734 972 enim
796 907 866 970 in
923 904 1286 972 dialecticis
1345 907 1592 990 pariter
1666 917 1865 991 atque
1927 906 1995 970 in
2058 906 2251 973 rebus
2311 907 2611 992 politicis

561 993 849 1060 omnium
907 991 1152 1077 optime
1198 1001 1517 1057 versatus.
1608 991 2053 1074 Quamobrem
2096 992 2158 1056 ei
2202 992 2331 1056 hoc
2372 1001 2613 1058 mune·-

561 1079 650 1143 ris
694 1077 920 1142 datum
966 1088 1086 1159 est,
1133 1087 1209 1142 ut
1251 1100 1420 1143 unus
1465 1079 1599 1142 fere
1642 1101 1898 1143 omnem
1946 1086 2015 1142 et
2057 1101 2268 1144 novae
2312 1079 2613 1144 civitatis

563 1162 944 1230 condendae
1007 1172 1075 1228 et
1129 1163 1347 1250 legum
1422 1163 1752 1250 sapienter
1812 1161 2226 1228 ferendarum
2282 1165 2613 1230 rationem

562 1249 880 1332 illustret,
951 1258 1152 1334 atque
1213 1247 1378 1314 adeo
1451 1249 1661 1336 ipsius
1736 1249 2189 1336 legumlatoris
2224 1273 2615 1336 ,personam

563 1335 903 1402 sustineat.
1011 1335 1114 1399 Ex
1167 1328 1304 1419 ‘qua
1361 1359 1494 1400 una
1550 1359 1621 1401 re
1678 1337 1953 1402 maxime
2014 1334 2365 1402 iudicanda
2420 1348 2611 1421 sunt,

564 1445 732 1504 quae
795 1422 854 1486 ei
915 1433 1228 1507 tanquam
1303 1421 1493 1506 priva
1553 1431 1620 1490 et
1690 1421 2049 1508 peculiaria
2114 1420 2613 1489 adscribuntur.

564 1508 740 1573 Nam
794 1507 1077 1594 primum
1143 1505 1407 1592 quidem
1480 1531 1601 1592 pro
1673 1530 1848 1572 more
1922 1506 2424 1572 Atheniensium
2497 1519 2615 1574 est

563 1591 935 1678 πολύλογός
993 1617 1062 1659 τε
1133 1599 1245 1658 καὶ
1307 1591 1711 1680 φιλόλογος,
1768 1592 1966 1663 sicuti
2040 1593 2180 1678 ipse
2252 1617 2382 1660 non
2460 1596 2611 1659 sine

564 1681 781 1744 faceto
837 1679 1062 1764 lepore
1121 1678 1368 1744 fatetur
1421 1678 1609 1744 Libr.
1668 1679 1725 1743 Ι.
1784 1704 1848 1766 p.
1896 1681 2041 1743 641.
2090 1679 2173 1747 D.
2222 1680 2299 1752 E.
2348 1679 2609 1766 signifi-

566 1789 722 1832 cans
798 1763 1140 1847 videlicet,
1212 1787 1358 1830 sese
1432 1774 1759 1850 promtum
1834 1774 2265 1850 paratumque
2322 1767 2458 1830 fore
2516 1767 2612 1830 ad

501 1905 506 1918 .
565 1849 952 1938 explicanda
1008 1873 1086 1916 ea
1139 1851 1388 1933 omnia,
1451 1852 1520 1914 in
1586 1873 1754 1935 quae
1799 1853 1970 1916 forte
2014 1873 2229 1916 sermo
2276 1851 2612 1919 inciderit.

567 1935 824 2002 Deinde
867 1959 1184 2023 perquam
1226 1935 1593 2002 humaniter
1631 1947 1923 2024 praestat
1965 1935 2141 2022 quod
2172 1937 2622 2004 familiaribus

566 2021 902 2108 pollicitus
964 2033 1098 2103 est,
1161 2021 1695 2108 quandoquidem
1768 2022 2103 2088 indefesso
2180 2021 2401 2090 studio
2471 2024 2613 2090 illis

566 2109 888 2195 impertit,
997 2107 1274 2192 uidquid
1333 2107 1414 2174 de
1461 2131 1530 2173 re
1570 2109 1640 2174 in
1684 2110 2135 2193 quaestionem
2180 2119 2417 2174 vocata
2457 2111 2613 2195 ipse

569 2195 848 2260 noverit.
1010 2217 1094 2258 ua
1179 2193 1260 2259 de
1331 2217 1569 2260 caussa
1614 2193 1951 2260 subinde·
1990 2195 2185 2260 etiam
2252 2194 2611 2262 admonere

565 2304 696 2346 non
736 2279 1050 2362 ‘dubit-at,
1107 2279 1459 2346 familiares
1504 2279 1732 2345 talium
1786 2304 2004 2346 rerum
2028 2280 2285 2346 ‘notitia
2330 2305 2462 2346 non
2503 2283 2607 2347 vi-

567 2365 708 2433 deri
753 2390 896 2434 esse
944 2367 1262 2433 imbutos:
1335 2367 1525 2433 cuius
1580 2367 1675 2433 rei
1734 2367 2033 2453 exempla
2090 2378 2247 2433 sunt
2302 2367 2485 2433 Libr.
2535 2368 2595 2433 I.
2646 2430 2655 2440 χ

568 2478 632 2539 p.
694 2456 840 2519 6:34.
897 2453 1140 2519 A-D.
1202 2456 1345 2519 638.
1405 2454 1487 2517 E.
1546 2476 1645 2538 sq.
1708 2456 1857 2519 640.
1905 2454 1991 2518 A.
2040 2456 2184 2520 641.
2232 2454 2313 2519 E.
2360 2454 2489 2519 III.
2537 2478 2609 2538 p.
2704 2496 2711 2503 ·

570 2541 714 2605 (588.
762 2539 838 2611 B.
901 2561 1044 2622 sqq.
1109 2540 1257 2604 694.
1322 2537 1400 2605 C.
1448 2542 1591 2603 696.
1654 2539 1744 2603 D.
1778 2544 1937 2605 711.
1975 2543 2087 2606 ,Α.
2151 2540 2271 2606 IV.
2376 2588 2391 2604 .
2452 2543 2604 2606 705;

571 2626 654 2689 D.
720 2646 750 2688 s
803 2648 866 2707 q.
901 2622 1042 2687 .v1.
1088 2647 1152 2708 p.
1201 2624 1352 2687 780.
1416 2624 1496 2686 D.
1541 2624 1633 2687 X.
1678 2648 1741 2709 p.
1805 2626 1949 2689 886.
1993 2626 2071 2691 Β.
2122 2628 2267 2690 892.
2320 2564 2403 2691 D.
2451 2649 2601 2711 sqq.

525 2712 714 2777 1897.
843 2758 858 2773 .
919 2710 1065 2775 898.
1129 2706 1208 2773 C.
1284 2708 1636 2793 *Nimirum
1692 2708 1762 2775 id
1807 2709 1916 2775 ille
1975 2735 2107 2777 non
2161 2711 2423 2777 inficete
2488 2724 2610 2777 aut

568 2795 888 2861 inurbane
932 2795 1024 2858 ita
1069 2795 1282 2859 facere
1323 2794 1795 2863 existimandus
1842 2806 1965 2879 est,
2014 2798 2207 2864 sicuti
2248 2798 2458 2863 visum
2504 2808 2611 2863 est

571 2881 914 2947 Zellero
977 2879 1392 2953 Stud.·Plat.
1464 2904 1528 2967 p.
1590 2885 1691 2947 55.
1760 2904 1859 2965 sq.
1909 2890 1991 2948 'et
2051 2908 2114 2969 p.
2183 2886 2284 2947 69.
2387 2884 2619 2949 Abest-

569 2968 739 3036 enim
770 2967 1148 3053 longissime
1177 2967 1258 3032 ab
1289 2966 1666 3053 importuna
1695 2967 1823 3033 ista
1849 2970 2237 3052 rusticitate,
2284 2992 2415 3052 qua
2456 2969 2605 3053 ipse

569 3053 883 3139 magister
942 3052 1353 3117 familiarium
1417 3052 1624 3119 videri
1683 3054 1908 3139 cupiat
1950 3054 2183 3119 aut’iis
2227 3053 2607 3121 nolentibus
2667 3073 2677 3087 ·’

565 3163 754 3207 suam
811 3139 1202 3239 sapientiam
1257 3138 1529 3206 moleste
1593 3138 1965 3207 obtrudere.
2078 3142 2229 3205 .Imo
2288 3141 2427 3227 agit
2484 3164 2605 3225 po-

573 3227 703 3290 tius
768 3247 846 3289 ea
897 3248 966 3289 111
1027 3248 1096 3290 re
1154 3224 1521 3289 liberaliter
1570 3234 1767 3310 atque
1838 3228 2271 3313 morigeratur
2343 3227 2601 3295 illorum

571 3310 897 3376 voluntati
955 3320 1184 3397 utpote
1247 3309 1665 3375 vehementer
1720 3314 2127 3398 optantium,
2191 3332 2267 3377 ut
2326 3314 2407 3378 ab
2452 3312 2603 3397 ipso

571 3395 653 3461 de
683 3395 876 3460 rebus
900 3393 1094 3483 longe
1125 3396 1531 3483 gravissimis
1578 3404 1644 3459 et
1686 3396 1917 3463 auditu
1958 3398 2363 3465 suavissimis
2407 3422 2605 3482 quam

572 3480 946 3567 plenissime
1010 3481 1431 3549 edoceantur.
1530 3480 1711 3563 Quin
1754 3484 1983 3549 -etiam
2039 3483 2217 3568 quod
2272 3483 2601 3549 interdum

571 3575 885 3631 memorat
970 3567 1324 3631 amicorum
1397 3566 1823 3651 imperitiam,
1902 3568 1971 3633 id
2056 3582 2193 3637 no'n
2276 3569 2603 3657 gloriandi

572 3674 808 3718 caussa
852 3652 1046 3734 facit,
1093 3650 1220 3737 sed·
1257 3661 1332 3716 ut
1375 3653 1623 3719 urbane
1670 3662 1737 3717 et
1778 3653 2149 3721 humaniter
2190 3668 2491 3736 excuset,
2542 3656 2600 3721 si

573 3736 730 3823 quid
779 3749 1032 3823 praeter
1075 3738 1531 3802 necessitatem
1576 3738 2020 3825 explicaturus
2057 3740 2372 3807 videatur.
2464 3741 2601 3807 Ne-.-

573 3848 700 3909 que
745 3847 892 3889 cum
939 3821 1278 3887 Zell‘ero
1321 3821 1365 3888 l.
1411 3845 1469 3887 c.
1516 3847 1581 3908 p.
1627 3826 1728 3888 69.
1775 3847 1872 3909 sq.
1918 3826 2003 3891 ad
2064 3847 2297 3893 vanam
2352 3827 2604 3893 iactan-
2644 3900 2649 3903 ,

571 3910 724 3975 tiam
786 3908 1148 3992 retulerim,
1211 3908 1390 3993 quod
1449 3908 1777 3975 interdum
1823 3912 1950 3979 sibi
1988 3913 2131 3997 ipse
2181 3913 2413 3979 tribuit
2454 3912 2600 3979 dili-

573 3997 933 4083 gentiorem
963 4018 1202 4068 ‘rerum
1263 3994 1561 4060 notitiam
1619 4005 1689 4061 >et
1744 4020 1973 4081 usum,
2036 4009 2109 4063 ut
2168 3999 2350 4065 Libr.
2418 4000 2469 4062 1.
2534 4022 2597 4083 p.

575 4084 717 4145 636.
765 4082 841 4145 Β.
889 4084 1031 4149 637.
1094 4080 1176 4145 D.
1239 4105 1339 4165 sq.
1401 4084 1545 4147 642.
1594 4082 1683 4147 D.
1729 4083 1819 4148 11.
1868 4108 1930 4168 p.
1978 4088 2121 4163 656.
2173 4084 2255 4150 D.
2308 4086 2450 4150 659.
2510 4086 2597 4148 I).

576 4192 637 4254 p.
688 4170 826 4233 (374.
908 4170 988 4234 A.
1065 4166 1191 4231 III.
1241 4192 1300 4253 p.
1346 4168 1487 4235 677.
1554 4169 1635 4233 D.
1688 4170 1763 4234 E.
1815 4171 1896 4235 V.
1942 4195 2003 4256 p.
2054 4172 2195 4235 747.
2246 4168 2325 4235 C.
2362 4170 2485 4235 VI.
2532 4182 2596 4253 p.
