2857 4738
810 357 933 422 DE
983 345 1396 424 LEGIBUS
1440 368 1570 461 pte..
1605 326 1612 332 ’
1883 363 2196 428 Lxxxi

108 525 227 591 ·D.
280 525 441 591 VII.
506 552 572 613 p.
641 531 791 594 812.
852 529 928 594 B.
990 519 1131 592 794.
1202 525 1277 591 O.
1328 529 1409 590 al.
1506 531 1603 590 Ac
1665 530 2004 594 referimus
2047 533 2190 596 sine

146 611 269 674 ulla
310 612 735 678 dubitatione
780 613 1009 678 eodem
1060 614 1256 677 etia-m
1299 613 1435 695 ina,
1485 635 1651 694 quae
1697 636 1760 697 p.
1807 617 1909 679 91.
1957 638 2056 700 sq.
2105 617 2190 684 de

186 697 508 782 eriphrasi
568 722 691 784 per
748 697 955 784 φύσις
1016 721 1093 762 ae
1160 695 1446 777 δύναμις
1503 699 1681 782 facta
1746 713 2187 784 exponuntur.
2262 777 2268 782 ¹

142 721 325 863 &uae
386 781 661 868 quidem
722 784 1125 869 periphrasis
1184 782 1348 847 adeo
1414 793 1518 846 est
1575 785 1963 870 pervulgata
2009 789 2186 870 apud

138 867 485 934 Platonem
546 869 846 952 aliosque
902 869 1296 954 scriptores,
1363 878 1466 932 ut·
1501 891 1658 932 rara
1715 879 1830 950 aut.
1892 871 2197 938 insolens.

137 951 265 1018 dici
332 955 521 1018 nullo
584 954 781 1019 modo
823 953 1144 1021 debuerit.
1200 979 1261 1017 v.
1311 953 1415 1017 ad.
1464 953 1798 1018 Phaedon.
1847 979 1905 1040 p.
1955 959 2056 1020 79.
2103 957 2182 1022 B.

136 1037 369 1125 Symp.
422 1065 486 1126 p.
530 1044 668 1103 191.
702 1041 914 1128 Legg.
947 1040 1130 1105 Libr.
1164 1039 1245 1106 V.
1278 1063 1345 1124 p.
1380 1042 1522 1105 747.
1563 1040 1641 1105 D.
1675 1039 1802 1102 III.
1833 1064 1896 1124 p.
1928 1044 2071 1111 691.
2102 1044 2182 1106 al.

138 1123 395 1188 iniuria
441 1147 641 1211 porro
686 1149 751 1210 p.
798 1129 909 1191 94.
946 1135 1281 1208 tamquam
1324 1121 1614 1189 insolens
1685 1139 1948 1190 notatur
2005 1151 2181 1192 eoin-

180 1209 427 1274 lurium
472 1211 912 1296 genitivorum
952 1233 1094 1274 com
1146 1210 1392 1292 li'eatio,
1439 1211 1652 1293 qualis
1697 1221 1798 1275 est
1843 1210 1896 1273 Ι.
1944 1237 2006 1296 p.
2041 1216 2186 1276 648.

134 1231 218 1359 ἓ.
264 1295 361 1358 11.
410 1297 559 1360 665.
608 1295 687 1358 Β.
735 1299 879 1364 672.
926 1296 1008 1359 Β.
1126 1296 1179 1361 1.
1236 1319 1303 1379 p.
1350 1297 1494 1360 768.
1545 1293 1622 1358 C.
1691 1296 1835 1362 v1-1.
1895 1299 2039 1360 80⁴2.
2103 1299 2181 1362 Β.

138 1379 263 1444 ΙΧ.
324 1381 477 1446 861.
526 1381 607 1444 Ε.
656 1381 743 1444 al..
786 1389 902 1445 aut
941 1381 1057 1445 illa
1148 1381 1537 1444 enitivorum
1583 1382 2004 1461 coniunctim
2053 1406 2182 1466 qua

137 1464 251 1546 fit,
301 1474 381 1529 ut
440 1466 607 1531 alius
654 1491 735 1530 ex
779 1468 906 1532 alio
952 1403 1259 1553 penffeai'„
1303 1475 1379 1530 ut
1422 1466 1605 1529 Libr.
1655 1465 1746 1530 II.
1795 1491 1853 1552 p.
1905 1469 2048 1529 (57⁶2.
2106 1471 2181 1534 l).

78 1587 95 1602 ν
136 1549 261 1614 ΙΧ.
310 1553 465 1617 861.
512 1551 594 1615 Ε.
642 1551 808 1616 XII.
857 1556 1005 1623 943.
1054 1551 1130 1615 G.
1178 1552 1261 1615 al.
1351 1551 1478 1615 Est
1521 1551 1692 1614 enim
1737 1574 1815 1614 ea
1854 1561 2184 1616 struossura

132 1636 456 1700 orationis
506 1637 683 1702 'adeo
743 1638 1011 1719 crebra»,
1071 1648 1145 1703 ut
1205 1635 1311 1703 hic
1376 1635 1640 1719 quidem
1702 1637 2000 1722 exempla
2043 1639 2184 1704 eius

130 1719 369 1786 afferre
441 1723 797 1806 poeniteat.
937 1723 1085 1788 Neo
1153 1743 1311 1784 vero
1386 1721 1516 1786 hue
1585 1721 1976 1787 trahendum
2055 1725 2182 1787 fuit

133 1805 301 1869 illud
338 1805 743 1887 γιγνόμενον
770 1807 1039 1892 γίγνοιτ’
1070 1804 1153 1871 ἄν,
1180 1805 1275 1870 Π.
1306 1831 1370 1891 ρ.
1397 1809 1547 1871 660.
1599 1808 1681 1870 D.
1736 1808 1891 1871 VII.
1935 1834 2000 1895 p.
2035 1811 2179 1879 791.

132 1889 210 1956 C.
277 1891 456 1956 XII.
516 1917 579 1978 p.
641 1895 789 1961 908.
862 1893 941 1959 Θ.
1000 1890 1091 1958 Χ.
1131 1903 1221 1978 'p.
1280 1893 1427 1956 906.
1488 1891 1568 1955 Ε.
1631 1891 1712 1957 al.
1821 1893 1947 1958 Est
2009 1897 2180 1959 enim

132 1975 299 2040 haee
356 1977 547 2042 verbi
605 1975 779 2042 εἶνἀι
838 1989 907 2043 et
951 1975 1310 2059 γίγνεσθάι
1356 1978 1736 2042 coniunctio
1783 2001 1927 2042 oum
1973 1982 2178 2064 parti-

133 2061 327 2146 cipiis
384 2063 832 2148 scriptoribus
896 2061 1173 2128 Graecis
1249 2072 1381 2127 tam
1446 2065 1724 2146 usitata,
1798 2075 1874 2128 ut
1927 2087 2054 2130 neo
2112 2067 2180 2130 in

139 2146 483 2232 Legibus,
544 2149 800 2214 etiamsi
856 2149 951 2213 ibi
996 2149 1290 2214 erebrius
1338 2157 1728 2232 usurpetur,
1788 2148 1924 2214 ullo
1984 2151 2182 2214 modo
2267 2169 2269 2171 ’

130 2229 489 2318 displicere
549 2243 665 2298 aut
709 2234 1041 2306 offendere
1134 2235 1315 2299 ossit.
1418 2232 1702 2298 Accedit
1748 2233 1928 2316 quod
1969 2235 2036 2298 in
2079 2244 2179 2297 ta-

130 2315 309 2382 libus
366 2317 770 2402 γιγνόμενον
832 2320 969 2385 fere
1022 2256 1206 2385 'idlem
1269 2325 1370 2383 est
1416 2315 1599 2401 quod
1643 2324 1697 2381 εὶ
1735 2322 2178 2399 yiyv01r0‚-u‚t
2245 2369 2258 2381 .

24 2429 26 2434 ·
129 2403 504 2468 rectissime
563 2426 713 2470 cum
769 2406 1040 2487 yiymnt’
1102 2403 1186 2468 ἄν
1238 2404 1323 2467 sit
1367 2402 1855 2467 coniunctum·
1904 2404 2178 2467 Praeter

124 2490 598 2563 necessitatem
660 2512 862 2578 porro
906 2500 1217 2581 tanquam
1270 2487 1632 2636 sinfiularia
1673 2486 1994 2577 quaedam
2039 2490 2178 2575 pla—

129 2594 350 2657 neque
394 2575 563 2639 mira
602 2575 1169 2662 reprehenduntur
1214 2574 1325 2637 illa
1436 2572 1556 2639 ibr.
1605 2571 1732 2638 IX.
1765 2594 1844 2659 ¹p.
1895 2576 2042 2639 869.
2089 2579 2174 2641 A.

130 2658 379 2747 ὀρθῶς
437 2657 600 2725 ueto}
662 2666 871 2737 δίκης.
934 2671 999 2725 et
1063 2661 1151 2726 X.
1199 2684 1263 2746 p.
1314 2661 1459 2724 893.
1504 2658 1594 2721 D.
1641 2663 1954 2736 τοτὲμὲν
1996 2664 2176 2737 ’ἔστιν

128 2742 262 2808 ὅτε.
378 2744 557 2809 Nam
626 2746 811 2812 istud
889 2745 1127 2826 ὀρθῶς
1183 2746 1351 2825 μετὰ
1416 2746 1610 2821 δίκης
1677 2752 1860 2809 certe
1919 2753 1990 2808 ἐκ
2060 2772 2175 2809 πα·

126 2826 467 2911 ραλλήλου
537 2832 699 2897 satis
770 2832 1013 2896 usitate
1090 2828 1333 2895 dieitur
1398 2850 1523 2893 nee
1605 2829 1814 2915 magis
1900 2828 2178 2897 offendit

128 2936 333 2998 quam
394 2912 563 2979 ἑκών
618 2924 689 2981 ὲκ
746 2922 1072 2999 προνοίας
1128 2916 1252 2981 XI.
1322 2936 1387 2997 p.
1434 2912 1580 2978 932.
1629 2914 1710 2981 E.
1753 2922 1846 2989 εἷς
1889 2914 2214 3001 ’δύναιτ-Γπ

129 3000 168 3059 ὅ
212 3024 281 3062 τι
339 2998 635 3080 μάλιστα
683 3002 871 3067 Libr.
902 3000 1026 3065 IV.
1090 3025 1151 3087 p.
1197 3003 1341 3067 717.
1370 2996 1449 3063 C.
1494 2998 1581 3061 V.
1644 3022 1707 3083 p.
1775 3002 1918 3063 739.
1985 3000 2064 3067 C.
2093 3002 2176 3068 E.

127 3082 253 3149 VI.
314 3107 382 3170 p.
449 3087 595 3153 766.
652 3088 737 3151 A.
798 3090 942 3153 777.
1006 3084 1094 3151 D.
1158 3086 1301 3151 783.
1342 3084 1432 3147 D.
1477 3082 1606 3147 XI.
1653 3106 1718 3167 p.
1765 3084 1915 3149 923.
1963 3082 2040 3146 C.
2089 3084 2181 3159 ὥς

128 3166 551 3245 ὁσιωτάτους
620 3168 789 3237 κατὰ
846 3169 1135 3255 δύναμιν
1204 3168 1333 3233 ΙΧ.
1392 3192 1456 3255 p.
1533 3169 1680 3233 877.
1741 3167 1826 3229 D.
1889 3166 2048 3232 VII.
2158 3218 2172 3231 .

126 3254 275 3317 817.
336 3253 419 3319 Β.
488 3254 595 3321 ὅτι
654 3253 1075 3345 σμικροτάτῳ
1136 3256 1303 3320 κατὰ
1369 3249 1656 3333 δύναμιν
1711 3248 1839 3314 XI.
1901 3254 2048 3319 919.
2094 3192 2171 3319 ὃ.
2234 3332 2243 3339 α

126 3344 197 3401 ἐκ
254 3340 386 3403 τοῦ
448 3344 851 3425 παραχρῆμα
924 3342 1244 3427 ἐξαίφνης
1299 3338 1425 3403 ΙΧ.
1488 3362 1552 3423 p.
1616 3337 1760 3401 867.
1821 3339 1905 3401 Α.
1969 3345 2040 3402 ἐν
2096 3342 2174 3419 τῆ

124 3422 433 3506 ἀληθείᾳ
490 3424 582 3501 ὠς
644 3426 928 3507 άληθῶς
992 3426 1264 3490 Lachet.
1323 3443 1387 3526 p.
1452 3423 1592 3487 183.
1655 3418 1731 3483 C.
1793 3419 1998 3509 ταύτῃ
2063 3410 2170 3489 κοῖὶ

126 3508 301 3572 κατὰ
358 3510 573 3593 ταῦτα
627 3511 735 3575 vel
793 3509 967 3577 οὕτω
1030 3516 1141 3575 καὶ
1197 3525 1366 3575 κατα
1428 3508 1638 3573 ταῦτα
1683 3505 1734 3571 Ι.
1778 3530 1843 3593 Ρ..
1893 3510 2038 3573 626.
2085 3513 2169 3575 A.

121 3592 217 3657 X.
244 3616 314 3679 p.
357 3593 501 3658 889.
539 3594 615 3660 C.
650 3596 779 3662 XI.
824 3620 889 3701 p.
936 3600 1081 3661 914.
1129 3596 1209 3659 Ε.
1257 3616 1470 3681 παντῃ
1517 3588 1812 3674 πάντως,
1863 3592 2174 3677 οὐδαμῶς

123 3676 417 3768 οὐδαμῇ,
449 3677 633 3755 ὅπως
663 3686 774 3749 καὶ
808 3682 962 3769 buy,
999 3683 1079 3748 al.
1122 3680 1203 3745 de
1243 3676 1485 3763 quibus
1533 3700 1590 3739 v.
1639 3674 1720 3739 ad
1769 3676 1939 3741 Phil.
1973 3703 2035 3762 p.
2066 3683 2168 3745 60.

121 3760 200 3826 C.
250 3763 471 3849 Legg.
517 3764 647 3831 111.
694 3792 756 3854 p.
804 3770 947 3833 681.
998 3768 1078 3833 D.
1125 3765 1248 3831 IV.
1298 3766 1443 3827 714.
1494 3762 1578 3824 D.
1626 3758 1750 3825 VI.
1798 3784 1858 3847 p.
1907 3767 2051 3836 765.
2091 3766 2169 3829 Β.

120 3847 207 3915 X.
268 3871 333 3933 p.
398 3850 545 3925 899.
606 3856 694 3917 A.
753 3852 827 3917 B.
885 3852 1047 3915 XII.
1094 3874 1157 3935 p.
1204 3851 1353 3916 966.
1400 3848 1485 3911 Α.
1541 3848 1688 3910 947.
1749 3843 1832 3913 D.
1895 3872 1973 3913 ae
2071 3848 2169 3913 lu·
2245 3856 2256 3861 ’

121 3933 287 3997 rima
320 3945 645 4020 cognata,
693 3935 776 4001 de
821 3938 1060 4021 quibus
1109 3930 1654 4008 v..Heindorf.
1699 3931 1784 3995 ad
1831 3932 2011 3997 Phae
2062 3955 2166 3999 on.

170 4066 186 4083 .
217 4021 325 4083 66.
358 4017 439 4085 C.
488 4019 872 4087 Boisson.
923 4012 1005 4086 ad
1048 4020 1308 4104 Eunap.
1342 4018 1584 4103 p.‚163.
1629 4039 1724 4098 sq.
1756 4016 2165 4085 Maittair.

124 4040 228 4167 De
278 4102 568 4170 Dialeet.
610 4104 850 4173 Graec.
894 4132 957 4195 p.
1006 4108 1107 4169 97.
1198 4101 1399 4187 Quod
1459 4118 1614 4165 vero
1663 4124 1810 4165 cum
1857 4106 2006 4164 rori.
2049 4109 2170 4188 μὲν

22 4262 37 4277 ,
130 4188 551 4254 consociatur
596 4196 777 4255 ἔστιν
823 4188 967 4273 ὅτε,
1019 4188 1084 4251 id
1133 4189 1306 4275 apud
1350 4186 1564 4271 ipsum
1611 4184 1956 4250 Platonem
2004 4193 2202 4271 quo-‘

1664 4402 1676 4405 -
1703 4304 1756 4367 Ε
