2857 4738
685 324 888 389 XCII
1272 336 1280 340 ’
1335 318 2065 385 PROLEGOMENA

685 496 750 557 in
827 492 1106 555 oratoria
1177 492 1386 556 totius
1446 491 1661 575 operis
1739 488 1989 553 ratione
2068 497 2136 551 et
2212 488 2723 555 coniorma-tione

685 577 1114 643 offenderent.
1230 576 1468 662 Itaque
1540 575 1622 638 ad
1714 574 1882 638 hanc
1958 572 2469 659 disputationem
2556 596 2723 637 nunc
2803 606 2807 641 z

685 661 1226 748 transgredimur.

1512 922 1699 934 ιιι-ψ-μ..-
1705 926 1785 931 --..
1793 924 1909 931 ἡ.,-,.-

1450 1273 1634 1401 cap.
1700 1227 1918 1362 xix.

689 1462 815 1517 1)oe-
851 1460 1058 1517 vitun
1107 1459 1544 1533 quibusdam
1592 1458 1953 1512 oratoriis
2008 1455 2281 1523 megum
2329 1452 2549 1520 operi
2600 1440 2723 1503 a'd-

1069 1546 1556 1617 hae-{entibus
1595 1554 1997 1611 eorumque
2036 1542 2348 1596 caussis.

860 1681 1290 1747 Ostendimus
1349 1680 1551 1766 igitur
1616 1680 1971 1765 hactenus,
2036 1676 2193 1761 quid
2242 1675 2325 1740 de
2374 1676 2722 1742 virtutibus
2803 1672 2807 1739 ?

689 1771 1006 1842 orationis
1067 1768 1132 1831 in
1175 1766 1469 1852 Legibus
1532 1764 1813 1831 usitatae
1860 1762 2363 1829 existimandum
2406 1762 2527 1842 sit,
2574 1762 2723 1837 feci·
2803 1764 2807 1770 ’

688 1876 963 1935 musque
999 1853 1063 1915 id
1109 1876 1186 1917 ea
1231 1853 1504 1932 ratione,
1552 1860 1627 1915 ut
1674 1850 1863 1915 simul
1912 1848 2403 1914 criminationes
2449 1848 2521 1910 in
2558 1846 2721 1909 illam

686 1939 1022 2002 coniectas
1095 1936 1442 2001 retundere
1518 1937 1736 2000 (eonati
1814 1937 2035 2001 simuS.
2124 1932 2467 1996 ·Vidimus
2565 1933 2723 1995 enim
2804 1936 2806 1941 ⁴

688 2046 896 2109 genus
959 2020 1220 2085 dicendi
1285 2022 1589 2095 universe
1662 2031 2027 2107 spectatum
2088 2018 2301 2083 totius
2348 2018 2722 2106 scriptionis

688 2120 1074 2194 argumento
1138 2119 1204 2171 et
1262 2108 1529 2193 ingenio
1604 2108 1796 2191 plane
1872 2106 2221 2171 convenire
2295 2103 2723 2187 sollerterque

687 2194 1130 2280 excogitatum
1177 2204 1244 2257 et
1284 2194 1623 2258 inventum
1697 2214 1861 2257 esse.
1899 2234 1911 2247 ι
1976 2190 2281 2253 Vidimus
2338 2211 2545 2274 porro
2590 2212 2723 2253 ver-

690 2281 916 2345 borum
1007 2289 1138 2341 tam
1209 2278 1614 2364 singulorum
1686 2301 1881 2361 quam
1959 2277 2328 2340 iunctorum
2403 2296 2721 2359 gramma-

637 2405 647 2428 :
687 2364 884 2430 tieai'n
931 2376 998 2429 et
1042 2356 1433 2431 rhetoricam
1480 2365 1795 2446 rationem
1828 2385 1977 2426 eam·
2014 2385 2181 2444 esse,
2230 2369 2303 2424 ut
2336 2360 2505 2448 ,nihil
2542 2357 2721 2443 quid-

689 2475 884 2535 quam
945 2451 1206 2531 habeat,
1253 2448 1433 2533 quod
1480 2459 1593 2513 aut
1640 2450 1719 2512 ab
1768 2449 2095 2533 elegantia
2138 2459 2205 2511 et
2244 2455 2431 2509 recta
2474 2447 2722 2510 ratione

690 2537 1068 2614 abhorreat,
1115 2544 1233 2598 aut
1291 2535 1372 2596 ab
1418 2557 1542 2598 usn
1590 2531 1990 2604 Graecitatis
2036 2535 2128 2599 ita
2173 2531 2457 2610 recedat,
2503 2541 2584 2594 ut
2628 2529 2719 2594 vel

689 2622 832 2705 ipso
879 2619 1152 2683 Platone
1197 2619 1304 2680 vel'
1347 2620 1487 2681 eius
1534 2627 1747 2682 aetate
1790 2618 2131 2703 indignum
2178 2616 2581 2683 censendum
2627 2617 2719 2681 sit..

689 2703 996 2768 Vidimus
1074 2701 1358 2786 denique
1434 2705 1629 2768 etiam
1708 2705 2157 2768 universorum
2238 2702 2721 2787 enuntiatorum

687 2811 764 2854 ao
810 2787 1225 2874 periodorum
1271 2799 1702 2871 structuram,
1750 2791 2051 2872 quamvis
2100 2787 2379 2854 subinde
2425 2787 2721 2852 licentio-

688 2897 819 2939 rem
879 2873 1176 2957 adeoque
1234 2873 1811 2960 negligentiorem,
1874 2871 2096 2938 tamen
2162 2897 2290 2938 non
2350 2872 2550 2937 modo
2596 2895 2721 2936 non

685 2982 835 3024 esse
901 2981 941 3023 a
1005 2957 1411 3024 Graecorum
1485 2983 1663 3024 more
1730 2971 1796 3024 et
1870 2959 2345 3026 consuetudine
2418 2959 2718 3037 alien-am,

686 3069 908 3110 verum
987 3045 1182 3109 etiam
1250 3045 1665 3116 sermonibus
1734 3046 1802 3108 in
1884 3039 2136 3132 Legum
2209 3062 2405 3128 opere
2485 3042 2722 3107 habitis

687 3132 931 3217 optime
995 3131 1521 3212 convenientem,
1569 3129 1867 3214 adeoque
1911 3133 2104 3196 etiam
2151 3128 2459 3193 laudibus
2509 3139 2723 3194 orato-

683 3215 795 3280 riis
868 3240 997 3282 non
1035 3217 1150 3280 ita
1193 3214 1615 3306 destitutam,
1676 3226 1749 3279 ut
1790 3214 2062 3280 crimina
2104 3215 2399 3296 tumoriS,
2445 3213 2724 3312 garruli-

685 3302 862 3381 tatis,
912 3301 1273 3386 elegantiae
1322 3301 1487 3364 male
1532 3299 1913 3380 affectata-e,
1963 3303 2087 3366 alia
2131 3298 2402 3379 similia,
2466 3323 2535 3363 m
2584 3321 2721 3364 eam
2803 3329 2806 3332 ·

687 3394 874 3449 recte
921 3386 1196 3450 conferri
1249 3397 1515 3468 queant.

807 3470 1100 3560 ‘Verum
1160 3471 1329 3536 enirn
1391 3493 1545 3535 veno
1607 3470 1783 3554 quod
1844 3493 2042 3554 supra
2104 3470 2265 3557 Cap.
2325 3471 2484 3534 XV.
2549 3469 2721 3554 Sect.

657 3555 806 3619 JV.
886 3565 951 3616 et.
1009 3554 1172 3639 Cap.
1232 3555 1428 3620 XVI.
1490 3555 1663 3620 Seot.
1734 3555 1862 3618 111.
1925 3567 1989 3619 et
2049 3556 2170 3618 IV.
2229 3555 2313 3620 de
2374 3554 2722 3620 dialectica

604 3640 610 3648 ’
684 3641 904 3723 operis
975 3649 1114 3703 arte
1201 3638 1416 3723 deque
1464 3639 1710 3727 dialogi
1756 3643 2237 3726 compositione
2284 3642 2563 3725 professi
2616 3663 2721 3704 su-

684 3746 852 3807 mus,
901 3723 1107 3788 videri
1157 3747 1323 3805 eam,
1370 3724 1529 3790 licet
1570 3726 1835 3793 omnino
1884 3731 1971 3790 sit
2016 3726 2376 3810 probabilis
2422 3724 2720 3809 adeoque

683 3810 1012 3874 sollertiae
1077 3805 1418 3876 cuiusdam
1466 3811 1707 3874 virtute
1747 3809 2054 3896 insigniS,
2105 3821 2321 3876 tamen
2367 3834 2497 3875 non
2546 3810 2723 3874 omni

683 3919 764 3959 ex
837 3904 1019 3980 parte
1095 3895 1492 3980 perfectam,
1570 3895 1684 3970 sed
1760 3897 1983 3979 potius
2054 3897 2275 3962 multis
2348 3897 2721 3981 nominibus

681 4003 975 4059 maneam
1037 3990 1104 4044 et
1163 3981 1605 4066 imperfectam
1664 3998 1846 4056 esse}
1900 3982 2071 4062 idem
2120 3983 2253 4046 fere
2301 3982 2407 4046 hio
2454 4001 2719 4063 quoque

681 4068 867 4130 nobis
945 4065 1284 4130 fatendum
1365 4076 1465 4129 est
1544 4066 1820 4134 virtutes
1895 4067 2113 4152 operis
2180 4067 2499 4132 oratorias
2593 4088 2719 4128 nno

681 4151 1162 4233 quasi,1nentis
1228 4152 1459 4212 obtutu
1534 4153 2125 4236 ‹eontemplantibus
2194 4167 2261 4215 et
2314 4161 2517 4215 totam
2580 4153 2719 4216 eius
