2857 4738
634 297 882 364 LXVI
1286 290 2030 362 PROLEGOMENA

640 463 1153 532 existimandum
1209 464 1301 530 sit
1390 463 1814 532 considerato
1871 463 2160 532 universi
2190 487 2258 530 ·o
2343 463 2444 528 ris·
2493 485 2701 550 argu-

638 558 863 618 mento
881 595 903 633 ,
960 549 1229 618 minime
1286 511 1560 614 dubium
1615 549 1827 616 videri
1885 549 2150 634 poterit.
2327 555 2433 614 am
2485 571 2702 632 quum

630 635 911 702 ’nomina
966 635 1041 702 in
1092 659 1203 716 μα
1262 636 1576 700 exeuntia
1629 635 1738 700 vel
1797 656 1966 720 opus
2025 632 2338 702 effectum
2405 633 2516 701 vel
2555 655 2700 700 rem

642 719 923 786 factioni
976 719 1345 786 subiectam
1400 718 1752 805 designent
1803 728 2006 817 atque
2059 740 2366 805 magnam
2437 726 2700 802 partem
2805 739 2811 758 ·

644 804 976 870 simillima
1027 804 1163 869 sint
1218 804 1480 870 Latinis
1524 804 1900 870 nominibus
1941 827 2012 868 in
2057 825 2156 868 en
2173 813 2202 870 t
2220 826 2344 868 um
2387 801 2699 870 desinen-

644 891 861 972 tibus,
924 888 1149 972 qualia
1202 898 1359 956 sunt
1433 889 2070 972 munimentum,
2131 885 2697 973 impedimen·-

646 986 849 1056 tum,
916 982 1546 1054 ornamentum,
1607 982 2331 1054 coronamentum,
2373 984 2698 1058 tempe?

648 1065 1147 1138 ramentum,
1224 1057 1874 1141 nutrimentum,
1941 1057 2072 1122 alia
2141 1057 2384 1136 multa3
2455 1068 2700 1156 sponte

646 1143 857 1210 intelli
905 1142 1075 1224 itur,
1135 1143 1205 1205 in
1252 1163 1331 1207 eo
1376 1143 1506 1206 scri
1559 1150 1666 1226 to,
1725 1143 1795 1206 in
1839 1163 1974 1228 quo
2018 1143 2238 1228 agitur
2279 1141 2700 1226 potissimum

647 1251 731 1294 ne
788 1166 987 1294 rebus
1049 1224 1135 1292 ad
1189 1227 1393 1294 vitam
1441 1164 1556 1294 velJ
1602 1227 1926 1312 privatam
1971 1227 2078 1294 vel
2119 1227 2450 1313 publicam
2492 1228 2698 1313 perti-

649 1313 959 1382 dentibus
1020 1321 1221 1396 atque
1284 1311 1353 1378 in
1408 1335 1628 1378 rerum
1685 1335 1810 1378 usu
1867 1321 1936 1378 et
1991 1313 2393 1398 experientia
2434 1312 2698 1396 positis,

648 1397 793 1466 fieri
852 1420 985 1466 non
1031 1397 1357 1482 potuisse,
1423 1397 1582 1481 quin
1625 1419 1852 1464 eorum
1897 1398 2425 1484 usur-pandoram
2467 1420 2700 1464 neces-

650 1485 815 1550 sitas
889 1481 1096 1546 multo
1140 1481 1423 1567 'saepius
1485 1503 1682 1566 quam
1739 1482 1808 1549 in
1875 1482 2019 1547 aliis
2076 1483 2262 1550 libris
2331 1483 2698 1564 obveniret,

650 1568 985 1651 habetque
1030 1587 1111 1630 ea
1154 1588 1259 1632 res
1280 1575 1492 1640 ,tanto
1533 1567 1752 1635 minus
1795 1568 2179 1653 molestiae,
2229 1567 2412 1652 quod
2451 1565 2699 1635 Graeci

652 1651 917 1720 omnino
974 1651 1423 1736 imprimisque
1479 1662 1718 1737 poetae
1789 1652 2163 1718 istiusmodi
2219 1653 2488 1724 nomina
2555 1675 2699 1720 cre-

650 1735 834 1803 brius
874 1756 1038 1800 usur
1084 1757 1195 1802 are
1237 1746 1743 1821 consueverunt,
1791 1736 1861 1810 id
1907 1737 2087 1822 quod
2131 1736 2382 1804 dudum
2426 1737 2700 1804 demon·

652 1830 947 1892 strarant
1086 1819 1512 1886 alckenar.
1573 1820 1660 1886 ad
1721 1823 1882 1889 Euri
1933 1871 1950 1891 .
2009 1823 2353 1891 Phoeniss.
2399 1847 2460 1889 v.
2511 1825 2699 1890 1498.

651 1907 793 1992 Hip
844 1905 1003 1992 olyt.
1047 1907 1281 1972 v.406.
1328 1906 1832 1993 Lennep.‚.ad
1905 1907 2119 1974 halat.
2162 1931 2227 1994 p.
2281 1910 2425 1974 167.
2469 1907 2698 1994 Intpp;

652 1990 739 2059 ad
866 2012 1079 2076 regor.
1183 1990 1289 2056 De
1352 1990 1640 2062 Dialect.
1698 2016 1760 2079 p.
1825 1994 1963 2058 182.
2027 1993 2161 2059 alii.
2247 1995 2478 2077 Atque
2523 1992 2698 2058 idem

650 2076 847 2162 plane
905 2076 1101 2140 etiam
1156 2074 1253 2154 de,
1284 2077 1658 2143 nominibus
1715 2078 1786 2142 in
1832 2100 1963 2154 σις
2005 2077 2374 2144 terminatis
2421 2076 2701 2144 iudicari

652 2169 951 2246 oportet3
1012 2181 1180 2244 quae
1243 2182 1447 2243 quum
1511 2162 1724 2245 ipsam
1763 2162 2092 2248 actionem
2136 2160 2240 2226 vel
2283 2161 2699 2229 effectionem

652 2267 870 2312 rerum
926 2244 1345 2332 significent,
1390 2249 1690 2332 protecto
1715 2247 1816 2320 in,
1853 2247 1974 2312 tali
2017 2247 2373 2332 scriptione
2416 2248 2521 2312 vel
2563 2269 2698 2312 ma,

652 2330 826 2396 xime
882 2331 1151 2397 fuerunt
1209 2331 1601 2399 necessaria.
1705 2333 1942 2417 Neque
2003 2332 2380 2401 inconsulto
2452 2331 2701 2398 factum

652 2417 1083 2499 arbitramur,
1145 2416 1325 2499 quod
1384 2417 1774 2484 creberrime
1828 2418 2032 2483 verba
2073 2440 2222 2483 cum
2263 2418 2700 2503 praepositio·

652 2500 849 2567 nibus
894 2502 1269 2583 composita
1310 2511 1740 2586 usurpantur,
1780 2503 1896 2569 ubi
1939 2503 2090 2586 quis
2133 2502 2338 2569 verba
2379 2503 2703 2589 simplicia

650 2583 1157 2669 exspectaverit.
1262 2582 1343 2647 In
1401 2607 1538 2667 quo
1600 2584 1824 2653 tamen
1869 2588 2264 2672 optimorum
2307 2588 2702 2674 scriptorum

652 2668 763 2733 lex
826 2675 895 2731 et
936 2666 1110 2731 ratio
1150 2667 1512 2733 observata
1555 2678 1680 2753 est,
1727 2692 1859 2754 qua
1904 2671 2272 2755 composita
2315 2672 2700 2756 neutiquam

652 2772 827 2817 mere
872 2773 993 2837 pro
1054 2750 1484 2837 simplicibus,
1528 2770 1606 2817 ut
1662 2753 1998 2837 quondam
2038 2756 2152 2821 vul
2203 2757 2333 2823 aris
2359 2766 2524 2823 crat
2559 2759 2700 2843 opi—

652 2836 785 2919 nio,
832 2845 1257 2921 usurpantur.
1346 2836 1614 2923 Quippe
1657 2849 1992 2924 ponuntur
2023 2840 2142 2923 qui
2183 2863 2293 2907 em
2331 2842 2511 2928 apud
2553 2843 2702 2915 ilios

652 2920 855 2987 verba
910 2920 1273 3005 simplicia,
1333 2922 1449 2987 ubi
1493 2924 1860 3007 composita
1905 2926 2428 3010 exspectaveris,
2489 2928 2702 2993 sicubi

653 3004 835 3090 quod
878 3005 1157 3090 scriptis·
1193 3006 1382 3072 deest
1424 3029 1504 3071 ex
1550 3008 1857 3076 universa
1899 3011 2214 3077 orationis
2250 3012 2418 3075 serie
2462 3012 2699 3083 intelli-

654 3088 941 3178 gendum
1002 3090 1438 3175 relinquitur;
1504 3114 1628 3157 nec
1690 3114 1847 3159 vero
1889 3116 1968 3159 co
2085 3096 2256 3161 osita
2297 3107 2702 3182 usurpantur

652 3197 775 3261 pro
840 3175 1291 3261 simplicibus,
1401 3174 1666 3243 uoniam
1723 3200 1859 3243 non
1915 3202 2024 3245 mo
2077 3203 2115 3245 o
2171 3179 2527 3249 absurdum
2581 3178 2701 3251 sed

650 3282 861 3345 prope
916 3260 1233 3339 furiosum
1288 3259 1354 3325 vi
1404 3269 1588 3344 etur,
1650 3261 1720 3329 id
1781 3264 1961 3348 quod
2025 3265 2275 3331 dixeris
2330 3276 2550 3331 tamen
2605 3267 2699 3337 in:-

652 3342 901 3409 dictum
980 3342 1186 3420 velle3
1257 3364 1391 3427 quo
1461 3344 1530 3411 in
1603 3368 1846 3433 genere
1939 3349 2334 3431 interpretes
2405 3360 2699 3420 veterum

649 3426 1048 3511 scriptorum
1094 3447 1295 3514 saepe
1337 3425 1614 3497 mirifice
1661 3444 1955 3499 ruerunt.
2045 3434 2198 3501 Hoc
2240 3437 2454 3519 ipsum
2497 3435 2702 3522 igitur

650 3512 847 3579 etiam
906 3510 977 3578 in
1034 3512 1237 3577 verba
1282 3516 1668 3602 ,composita
1725 3519 1793 3583 in
1821 3520 2140 3606 Legibus
2185 3530 2502 3605 usurpata
2543 3544 2699 3588 com-
2799 3572 2801 3583 ,

651 3594 866 3695 venit·
890 3595 1312 3681 planissime,
1372 3622 1543 3685 quae
1603 3612 1780 3669 certe
1839 3624 1974 3672 non
2031 3604 2224 3674 aliam
2271 3605 2357 3669 ob
2402 3626 2699 3672 caussam

656 3690 1075 3767 reperiuntur
1124 3684 1357 3769 ,posita
1411 3708 1584 3769 esse,
1634 3710 1830 3773 quam
1918 3689 2030 3755 uia
2073 3712 2178 3756 res
2225 3699 2296 3754 et
2336 3692 2700 3759 sententiae

648 3766 1119 3835 accuratiorem
1139 3766 1636 3859 =,definitionem
1707 3773 1814 3838 vel
1930 3774 2392 3860 escriptionem
2463 3798 2697 3863 exege-

646 3860 832 3935 runt,
880 3850 1111 3933 ,veluti
1170 3875 1373 3937 quum
1455 3849 1708 3923 dictum
1765 3868 1871 3923 est
1945 3863 2428 3946 διείρηται,
2506 3884 2698 3945 per-,-

644 3944 1121 4003 tractatum
1182 3948 1344 4020 est,
1422 3941 1602 4025 quod
1673 3951 1850 4008 certe
1913 3942 2096 4011 aliud
2153 3944 2314 4031 quid
2369 3944 2700 4033 significat

646 4042 845 4119 qnam
932 4021 1211 4109 simplex
1296 4024 1574 4104 εἴρηται.
1711 4026 1848 4094 Sed
1937 4024 2105 4095 haec
2195 4028 2494 4114 quidem·
2539 4053 2698 4118 pau·

644 4125 741 4175 eis
786 4106 1200 4195 significasse
1261 4108 1423 4177 satis
1463 4110 1590 4181 erit
1611 4159 1630 4195 ,
1695 4112 2228 4197 quandoquidem
2291 4115 2698 4201 singulorum
