2857 4738
804 293 950 415 ne·
995 346 1408 418 LEGIBUS
1458 363 1581 416 eto.
1962 349 2243 444 xxxv

184 529 238 582 ut
267 537 344 581 ex
383 515 774 586 elementis
823 519 934 586 vel
967 519 1232 585 Derieis
1274 519 1382 586 vel
1424 521 1675 586 Atticis
1720 524 1809 589 sit
1850 520 2281 607 composita-..¹

183 603 412 690 qnippe
474 604 560 669 id
628 605 862 692 ipsum
919 606 1048 670 iam
1112 615 1311 670 antea
1361 607 1797 672 intelleximus
1866 607 2127 673 Platoni
2170 597 2305 674 ins*
2343 607 2358 640 ³²

174 690 264 754 'his
315 690 516 756 libris
581 691 968 758 scribe-ndis
1024 693 1196 756 inter
1239 693 1368 756 alia
1409 693 1614 758 fuisse
1660 695 2103 780 propositum,
2163 708 2241 758 ut

187 776 504 842 luculento
571 777 819 862 aliquo·
875 779 1170 864 exemplo
1213 777 1503 861 doceret,
1566 779 1741 845 facto
1800 780 2060 844 demum
2136 801 2237 844 sa·—

191 864 372 947 pienti
435 863 890 950 ingeniorum
950 866 1196 951 pariter
1251 875 1449 949 atque
1504 865 1725 950 legum
1790 877 1857 930 et
1900 867 2237 930 instituto-

187 973 307 1014 rum
361 951 557 1013 inter
623 947 926 1015 Graecas
995 963 1226 1036 gentes
1301 952 1663 1037 vigentium
1723 961 2237 1037 temperamento

187 1035 374 1100 videri
443 1035 644 1099 effici
703 1053 938 1122 posse,
1003 1046 1077 1100 ut
1135 1036 1290 1123 olim
1346 1037 1637 1122 perfecta
1696 1038 1918 1121 aliqua
1976 1037 2233 1120 eivitaS,

193 1145 336 1206 quae
385 1120 482 1185 ad
513 1122 791 1185 virtutis
822 1143 1018 1204 quam
1059 1123 1376 1185 maximae
1419 1122 1679 1187 laudem
1726 1123 2089 1203 accederet,
2134 1145 2235 1188 re·-

194 1230 324 1272 vera
385 1207 968 1290 constitueretur,
1027 1209 1250 1272 iuncta
1305 1231 1457 1272 cum
1515 1232 1767 1273 morum
1842 1209 2235 1274 Doricorum

189 1293 508 1377 gravitate
556 1292 784 1379 legum
829 1304 894 1357 et
935 1295 1384 1359 institutorum
1420 1297 1791 1359 Atticorum
1835 1295 2235 1360 humanitate

187 1399 244 1444 et
313 1380 686 1466 sapientia.
814 1379 954 1444 Iam
1008 1402 1166 1444 vero
1221 1379 1435 1444 Plato
1510 1381 1982 1445 Atheniensem
2026 1380 2232 1461 illum,

187 1489 368 1551 quem
431 1465 880 1530 disserentem
934 1466 1126 1548 fecit,-
1191 1465 1367 1550 quod
1425 1489 1560 1530 non
1626 1477 1807 1530 certo
1853 1467 2073 1550 aliquo
2117 1489 2233 1530 no-

185 1554 346 1616 mine
406 1551 771 1638 insignivit
832 1571 946 1614 aut
994 1553 1282 1616 moribus
1327 1553 1585 1615 ornavit
1628 1553 1911 1638 propriis
1958 1553 2231 1638 quibus-

185 1637 329 1702 daus
389 1661 477 1702 ac
552 1636 1034 1722 peculiaribuS,
1069 1639 1343 1723 ‘quibus
1405 1639 1657 1702 certius
1710 1639 2231 1724 dignosceretur,

121 1725 128 1734 ’
185 1725 246 1789 in
295 1747 380 1788 eo
445 1721 760 1810 profecto
817 1723 1078 1787 minime
1142 1724 1268 1787 fuit
1322 1722 1743 1788 haerendum.
1848 1725 2001 1789 Nisi
2060 1726 2231 1789 forte

185 1812 372 1874 etiam
437 1812 517 1874 in
582 1832 661 1872 eo
707 1807 1037 1892 offendas,
1099 1808 1278 1893 quod
1335 1809 1402 1873 in
1448 1807 1728 1875 Politico
1794 1818 1861 1873 et
1916 1807 2007 1876 So
2058 1809 2234 1874 hista

183 1897 418 1982 hospes
482 1895 600 1960 ille
647 1895 1022 1977 Eleaticus,
1083 1896 1194 1979 qui
1237 1895 1579 1980 primarias
1624 1895 1715 1961 ibi
1762 1894 1963 1961 habet
2054 1897 2232 1982 ispu-

181 1982 360 2047 tandi
405 1991 677 2068 partes,
740 1990 856 2044 aut
913 1981 1246 2064 TimaeuS,
1295 1980 1717 2045 Parmenides
1764 1990 1831 2045 et
1876 1981 2228 2063 Philebus,

189 2071 295 2153 qui
347 2070 422 2134 in
488 2066 998 2153 cognominibus
1057 2066 1336 2152 dialogis
1409 2068 1691 2132 oratoris
1744 2068 2033 2153 primarii
2092 2092 2231 2133 mu-

195 2176 336 2218 nere
393 2155 807 2240 funguntur,
869 2153 1108 2218 omissa
1182 2154 1585 2218 accuratiore
1645 2177 1895 2216 morum
1942 2163 2010 2218 et
2050 2154 2231 2240 inge-

193 2241 438 2306 niorum
502 2240 676 2325 ipsis
737 2239 1152 2324 propriorum
1222 2239 1566 2303 notatione
1620 2239 1967 2320 loquentes
2022 2240 2230 2302 intro·
2308 2285 2313 2290 -

197 2324 538 2393 ducuntur.
645 2324 1004 2389 Enimvero
1068 2323 1152 2389 ad
1217 2342 1357 2389 rem
1415 2333 1827 2408 praesentem
1885 2333 2064 2389 certe
2128 2345 2233 2389 sa-

203 2413 288 2477 tis
373 2412 502 2475 fuit
583 2410 908 2475 nominari
987 2410 1497 2492 Atheniensem,
1586 2418 1661 2473 ut
1742 2409 1951 2473 critici
2038 2410 2232 2474 etiam

202 2510 440 2561 temere
507 2498 832 2563 curiosius
903 2495 1413 2579 anquisiverint‚
1495 2494 1795 2579 quisnam
1854 2495 1961 2560 ille
2036 2496 2230 2561 intel-

191 2583 490 2671 ligendus
581 2584 696 2647 sit.
815 2581 1227 2665 Quamquam
1319 2602 1450 2645 non
1533 2580 1758 2666 inepte
1858 2578 2232 2651 Scholiasta

189 2672 269 2735 ad
299 2670 519 2755 Legg.
548 2669 606 2735 I.
654 2669 742 2733 in.
787 2690 869 2733 ex
915 2668 1095 2734 Libr.
1143 2667 1228 2732 V.
1278 2690 1340 2753 p.
1389 2669 1534 2731 739.
1578 2667 1655 2732 Β.
1698 2666 1861 2732 colle
1938 2678 1964 2732 t
2006 2670 2224 2754 ipsum

189 2757 538 2821 Platonem
633 2755 756 2819 sub
830 2755 970 2819 eius
1051 2774 1350 2839 persona*
1381 2752 1386 2757 ’
1416 2753 1640 2817 latere.
1760 2690 2034 2819 Scffiloet
2114 2780 2231 2820 vo-

182 2839 306 2907 luit
361 2841 564 2905 Plato
628 2840 1099 2904 Atheniensem
1159 2861 1315 2904 suae
1372 2839 1581 2923 ipsius
1643 2841 2003 2907 sententiae
2082 2863 2227 2906 esse
2335 2904 2341 2919 ,

179 2925 667 3014 interpretem,
728 2937 800 2990 ut
854 2937 1056 2991 recte·
1087 2924 1406 2989 iudicavit
1462 2922 1771 2989 Cicero
1817 2926 2031 3014 Legg.
2076 2926 2132 2992 I.
2174 2932 2229 2994 5.

181 3015 434 3080 Eri-ore
486 3022 710 3076 autem
754 3011 1206 3079 Aristotel.
1251 3010 1581 3075 Polit.'II.
1626 3017 1688 3076 4.
1732 3034 1798 3095 p.
1844 3014 1945 3075 77.
1996 3036 2091 3070 =
2138 3014 2229 3080 11.

179 3104 236 3165 4.
281 3122 342 3166 c.
397 3103 462 3166 3.
511 3099 567 3182 ξ.
621 3104 675 3164 1.
731 3096 834 3162 ed.
883 3096 1265 3163 Schneider.
1324 3107 1391 3160 et
1444 3096 1737 3181 plerique
1794 3097 2229 3179 posteriorum

182 3189 588 3274 scriptorum
633 3183 701 3247 in
742 3183 958 3248 locum
1004 3182 1430 3248 Atheniensis
1484 3182 1678 3246 istius
1722 3181 2063 3247 sufficiunt
2108 3182 2231 3249 So·-

183 3283 459 3355 cratem,
514 3269 757 3369 quippe
803 3269 992 3334 huius
1037 3270 1298 3334 nomine
1344 3269 1477 3332 fere
1507 3288 1761 3351 semper
1805 3268 2230 3353 principalem

179 3380 548 3445 personam
615 3355 1079 3441 insignienteS,
1145 3377 1313 3439 quae
1357 3355 1424 3417 in
1474 3352 1767 3417 Platonis
1810 3352 2088 3441 dialogis
2132 3356 2229 3423 lo-

179 3466 400 3529 quens
477 3440 828 3507 inducitur.
943 3439 1079 3506 Sed
1135 3440 1295 3506 haec
1353 3438 1616 3523 quidem
1674 3439 1833 3503 satis
1891 3450 2087 3511 sunto
2148 3442 2246 3510 de,

171 3528 548 3617 principali
592 3546 874 3613 persona
915 3525 1182 3613 dialogi.

361 3611 936 3697 Quemadmodum
1013 3632 1166 3676 vero
1237 3610 1668 3676 Atheniensis
1752 3610 1863 3675 ille
1932 3614 2230 3696 quisnam

169 3704 288 3784 sit,
342 3704 416 3766 in
464 3701 721 3765 incerto
767 3699 1143 3783 reliquitur,
1187 3698 1282 3762 ita
1324 3696 1519 3761 etiam
1555 3692 1893 3762 Cliniae
1941 3707 2007 3761 et
2048 3700 2226 3763 Me-

169 3788 466 3873 gillus
547 3783 854 3849 videntur
917 3784 1109 3849 fictae
1183 3804 1326 3849 esse
1390 3802 1736 3867 personae.
1833 3782 2033 3865 Quod
2106 3807 2227 3869 nos

171 3873 464 3958 quidem
523 3882 862 3937 censemus
921 3869 1156 3935 iniuria
1209 3868 1481 3933 moleste
1534 3868 1710 3933 ferri.
1812 3869 1987 3933 Nam
2030 3868 2225 3934 sicuti

171 3960 248 4024 in
279 3959 438 4024 aliis
458 3956 756 4021 Platonis
789 3956 1058 4039 scriptis
1092 3964 1361 4041 propter
1389 3953 1776 4039 argumenti,
1824 3954 1999 4038 quod
2042 3954 2110 4018 in
2141 3955 2225 4019 iis

171 4054 536 4126 tractatur,
572 4052 899 4122 naturam,
946 4042 1038 4105 ita
1064 4038 1210 4104 fieri
1239 4040 1431 4120 solet,
1475 4048 1551 4101 ut
1576 4039 1717 4103 noti
1758 4038 2049 4104 homines
2076 4063 2226 4125 pro-

176 4131 521 4197 ducantur
545 4128 616 4192 in
641 4126 952 4208 medium,
985 4127 1096 4211 qui
1129 4127 1230 4190 vel
1257 4126 1450 4189 factis
1480 4125 1585 4188 vel
1616 4123 1809 4189 dictis
1855 4124 1960 4188 vel
1990 4125 2241 4193 studiis

180 4228 246 4280 et
289 4214 599 4308 consiliis
661 4213 800 4280 suis
841 4213 1128 4296 aliquam
1171 4210 1392 4296 adepti
1436 4225 1590 4277 sunt
1633 4211 1842 4273 famae
1882 4209 2227 4296 laudisque

1418 4304 1428 4315 .
1788 4310 1842 4371 C
1894 4312 1924 4344 a·

2842 779 2844 784 .
2841 725 2844 748 -.
2837 343 2845 706 l--.ss-—Qss-
