2857 4738
642 330 702 395 L
914 284 951 292 ”
1079 305 1086 418 j
1288 326 2020 398 PROLEGOMENA

638 497 789 564 silio
872 497 1365 562 ieonvenienter
1451 498 1756 564 instituta
1829 521 1976 565 esse
2059 506 2258 583 atque
2343 496 2690 562 adornata.

642 579 1170 666 Quod‘quidem
1234 583 1291 647 si
1338 583 1536 648 etiam
1581 584 1651 648 in
1693 584 1820 649 hae
1863 585 2180 652 sermonis
2222 593 2412 668 parte
2457 605 2697 651 revera

636 668 733 734 ita
787 668 1035 732 factum
1096 689 1243 732 esse
1302 690 1685 753 eensemm,
1765 670 1930 735 nihil
1999 669 2300 736 videmur
2357 668 2690 734 affirm-are

566 777 579 782 ·
634 761 831 837 atque
878 751 1300 838 contendere,
1348 753 1529 837 quod
1573 757 1656 820 ab
1700 756 1849 842 ipsa
1894 757 2170 821 veritate
2213 754 2494 819 alienum
2537 753 2646 820 sit.

806 926 1033 1008 Atque
1092 919 1259 992 haee
1316 922 1584 1006 quidem
1643 923 1724 988 de
1790 924 2037 1011 dialogi
2103 933 2242 990 arte
2299 932 2370 989 et
2408 923 2689 989 ratio-ne.

634 1009 714 1075 In
775 1031 907 1094 qua
960 1008 1090 1074 etsi
1110 1007 1457 1092 {quaedam
1501 1018 1658 1074 sunt
1697 1010 2056 1098 singularia
2099 1021 2214 1076 aut
2255 1010 2472 1075 minus
2533 1009 2693 1072 arti-
2749 1063 2757 1068 .

633 1094 869 1160 ficiosa
942 1117 1019 1181 aq
1064 1093 1325 1178 polita,
1388 1103 1612 1158 tamen
1673 1095 1828 1159 item
1903 1097 2322 1182 reperiuntur
2377 1095 2684 1180 plurima,

634 1202 803 1266 quae
860 1178 1197 1245 sollertiae
1256 1195 1325 1244 et
1384 1179 1750 1267 elegantiae
1824 1180 2208 1246 Platonicae
2265 1180 2685 1256 manifestum

628 1266 883 1332 faciant
939 1264 1281 1329 indicium.
1389 1264 1471 1329 Id
1551 1265 1728 1348 quod
1806 1288 2144 1351 speramus
2217 1267 2300 1330 ab
2379 1265 2684 1330 omnibus

630 1373 1018 1418 conoessum
1060 1349 1141 1414 iri
1187 1359 1371 1416 tanto
1402 1351 1762 1435 lubentiu8‚
1809 1353 2058 1435 quanto
2091 1353 2371 1437 quisque
2405 1349 2687 1438 diligen·-

630 1440 765 1506 tius
842 1434 1135 1501 indolem
1215 1437 1677 1522 rationemque.
1754 1435 2044 1522 universi
2131 1437 2354 1524 operis
2416 1435 2683 1503 ‚examia

619 1522 909 1588 naverit.
1774 1523 1785 1530 '
2187 1537 2212 1552 ··

742 1681 749 1688 ⁸
798 1690 926 1756 His
982 1712 1142 1754 vero
1201 1699 1540 1775 uteunque
1621 1681 1980 1777 disputatis
2050 1701 2314 1774 tempus
2375 1689 2486 1755 ⁴est
2561 1691 2682 1768 ali·

632 1775 895 1862 quando
981 1775 1262 1839 transire
1334 1775 1419 1840 ad
1506 1776 2058 1842 considerandum
2125 1795 2340 1862 genus·
2414 1774 2679 1841 dicendi

632 1861 929 1948 Legibus
992 1860 1369 1959 proprium,
1435 1886 1566 1947 quo
1625 1864 1866 1929 elarius
1923 1870 2275 1950 appareat,
2335 1860 2496 1944 quid
2551 1862 2680 1927 hoe

562 1979 579 1996 2
630 1969 899 2032 qnoque
956 1967 1219 2012 nomme
1280 1944 1361 2012 de
1424 1949 1644 2036 operis
1699 1947 2090 2034 amplissimi
2132 1947 2496 2012 rationibus
2543 1947 2680 2012 exi-

629 2032 877 2097 stimari
922 2039 1244 2118 oporteat.

1463 2380 1856 2390 *μα’-...ὴ

1406 2796 1594 2915 cap,
1643 2771 1885 2894 'xva

628 2978 891 3049 Agitur
926 2980 1023 3035 de
1058 2978 1362 3035 dicendi
1400 2998 1682 3052 genere
1719 2987 1804 3042 et
1840 2984 2208 3041 orationis
2243 2962 2488 3040 torma
2524 2986 2670 3039 Le—

676 3064 894 3135 gibus
927 3064 1329 3157 peculiari,
1368 3068 1450 3123 et
1484 3072 1794 3138 primum
1835 3071 2132 3140 quidem
2168 3064 2618 3140 ganemu...

792 3218 966 3287 Sunt
1009 3230 1230 3285 autem
1272 3221 1403 3285 tria
1428 3220 1766 3307 ⁴imprimis
1813 3213 2054 3311 capita,
2102 3247 2270 3309 quae
2313 3225 2386 3289 in
2431 3226 2664 3295 harum

545 3376 551 3380 .
619 3324 837 3368 rerum
884 3306 1269 3389 quaestione
1314 3308 1595 3372 maxime
1625 3303 1989 3392 spectanda
2031 3310 2398 3376 videantur.
2485 3307 2665 3375 Nam

618 3388 898 3473 primum
956 3389 1222 3474 quidem
1298 3392 1604 3457 universe
1677 3392 2212 3468 describendum.
2257 3397 2382 3461 erit
2449 3418 2661 3481 genus

528 3494 535 3514 ¹
618 3473 977 3557 orationis,
1037 3476 1217 3560 quod
1275 3476 1710 3565 philosophus
1768 3478 1870 3545 his
1925 3481 1993 3545 in
2051 3482 2464 3548 sermonibus
2539 3506 2662 3565 pro

618 3560 989 3643 argumenti
1048 3570 1115 3625 et
1166 3562 1426 3626 consilii
1467 3564 1759 3649 universi
1819 3566 2039 3650 operis
2081 3567 2450 3633 rationibus
2497 3565 2662 3631 deli-

666 3641 908 3708 endum
979 3643 1388 3714 iudicaverit.
1511 3648 1770 3715 Deinde
1863 3650 2200 3737 disputare
2275 3651 2660 3717 debebimus

665 3750 701 3793 e
771 3727 1199 3812 eloquutione
1266 3731 1615 3799 verborum
1701 3744 1836 3798 tam
1957 3737 2374 3805 rammatieae
2461 3759 2658 3822 quam

614 3812 981 3878 rhetoricae
1038 3813 1197 3879 artis
1256 3814 1486 3881 habita
1535 3819 1808 3885 ratione.
1908 3760 2170 3903 auibus
2213 3822 2376 3887 loeis
2426 3844 2659 3907 perve-

616 3898 893 3985 stigatis‘
932 3908 1272 3986 postremo
1328 3902 1790 3987 explicandum
1851 3907 1974 3971 erit
2045 3907 2128 3972 de
2185 3907 2656 3995 singularibu8‚

614 3984 672 4049 si
730 4006 901 4068 quae
952 3986 1405 4071 reperiantur,
1453 3988 1559 4053 vel
1603 3988 1782 4054 vitiis
1825 3992 1931 4057 vel
1976 3992 2363 4073 virtutibus,
2415 3993 2658 4076 quibus

612 4070 825 4134 oratio
882 4070 1190 4155 videatur
1242 4071 1522 4161 insignis
1567 4098 1732 4141 esse.
1822 4076 2143 4142 Nam-his
2187 4078 2492 4143 omnibus
2541 4077 2656 4145 de-

612 4173 789 4217 mum
832 4158 1203 4223 aeeuratius
1247 4158 1682 4228 consideratis
1728 4161 1871 4227 fieri
1919 4161 2204 4245 denique
2245 4164 2532 4247 poterit,
2581 4176 2656 4229 ut
