2857 4738
668 328 753 393 98
1340 266 2038 391 ARGUMENTUM

660 494 1035 581 Sexaginta
1090 514 1246 559 vero
1300 492 1399 557 illi
1463 513 1651 559 suum
1713 480 1996 577 quisq'ue
2055 492 2274 557 locum
2329 490 2726 559 custodiant

672 600 807 645 non
849 576 1047 643 modo
1090 576 1381 644 hostium
1420 598 1686 663 caussa,
1730 600 1957 644 verum
2011 577 2214 643 etiam
2253 587 2530 665 propter
2571 598 2722 660 eos,

672 665 791 749 qui
833 684 979 730 sese
1024 664 1274 729 amicos
1314 663 1730 763 profitentur.
1819 662 2246 747 componant
2297 666 2474 729 enim
2517 662 2725 728 etiam

672 750 822 817 lites
866 748 1125 815 civium.
1203 748 1345 835 Ipsi
1387 770 1546 815 vero
1589 749 1646 815 si
1673 748 1836 835 quid
1883 748 2303 832 deliquerint,
2350 748 2727 836 ignominis

674 834 779 899 vel
865 834 1061 899 etiam
1176 834 1547 900 ravioribus
1617 835 1852 920 poeuis
1931 834 2314 899 afficiantur
2381 836 2494 922 (p.
2568 836 2721 900 761.

676 920 765 985 D.
810 956 893 967 —-
939 921 1084 983 762.
1196 920 1266 1003 .).
1356 919 1654 985 Utantur
1705 929 1924 985 autem
1965 919 2064 984 illi
2107 940 2334 983 omnes
2378 942 2501 1006 per
2541 918 2723 985 duos

676 1024 881 1069 annos
900 1002 1050 1069 'hac
1104 1003 1322 1069 victus
1376 1004 1658 1071 ratione.
1757 1004 2047 1069 Primum
2067 1054 2074 1059 .
2091 1025 2356 1103 quoqne
2398 1006 2548 1071 loco
2595 1026 2722 1093 pu·

677 1088 851 1155 blica
906 1088 1041 1153 sint
1096 1087 1403 1154 convivia
1454 1091 1867 1175 (ξυσσίτια),
1929 1110 1970 1153 a
2011 1088 2256 1173 quibus
2297 1090 2440 1155 sine
2481 1110 2720 1155 neces·

676 1174 869 1241 sitate
924 1173 1147 1257 aliqua
1174 1174 1440 1262 ‚abesse
1499 1174 1742 1239 nemini
1801 1176 2070 1261 impune
2126 1173 2344 1257 liceat.
2443 1173 2721 1239 Deinde

672 1258 858 1325 victu
898 1258 1203 1325 fruantur
1242 1258 1526 1347 simplici
1551 1280 1632 1325 ac
1653 1261 1858 1325 tenui.
1925 1259 2234 1342 Denique
2257 1256 2725 1326 adolescentes

672 1344 1043 1410 universam
1072 1342 1407 1430 regionem
1437 1353 1944 1431 perscrutentur
1973 1353 2228 1409 aestate
2255 1352 2456 1430 atque
2500 1344 2724 1435 hieme

675 1429 939 1508 armati3
997 1430 1418 1512 quamobrem
1472 1450 1586 1496 eos
1599 1454 1612 1475 ··
1629 1431 1824 1495 etiam
1865 1428 2206 1496 venationi
2248 1450 2515 1513 operam
2559 1429 2726 1495 dare

668 1522 1191 1582 consentaneum
1216 1523 1339 1579 est.
1386 1512 1644 1580 Horum
1673 1516 1880 1605 igitur
1905 1516 2221 1602 ipsorum,
2257 1516 2576 1600 sive'quis
2605 1536 2727 1581 eos

673 1595 1011 1687 κρυπτοὺς
1084 1598 1226 1665 sive
1282 1597 1579 1685 agrarios
1639 1610 1979 1667 curatores
2033 1599 2368 1686 appellare
2409 1600 2725 1683 voluerit,

676 1706 847 1749 unus
898 1682 1131 1767 uisque
1248 1693 1460 1751 romto
1519 1686 1738 1751 animo
1796 1686 2024 1753 officio
2086 1707 2210 1751 suo
2255 1686 2573 1773 fungatur
2623 1692 2726 1771 (p.

677 1770 824 1834 762.
932 1818 947 1833 .
994 1805 1076 1815 -
1122 1706 1265 1835 76ἕ.
1312 1766 1443 1853 Q).
1471 1802 1557 1819 -·
1643 1770 1962 1855 Sequitur
2001 1772 2152 1852 iam,
2199 1780 2276 1835 ut
2318 1770 2404 1837 de
2441 1794 2723 1837 rerum

676 1852 1099 1923 venalium
1162 1862 1247 1919 et
1286 1854 1794 1923 urbanarum
1837 1855 2390 1923 curatoribus
2435 1857 2723 1942 (ἀγορα-

674 1937 917 2023 νόμοις
956 1949 1025 2002 et
1064 1937 1506 2026 ἀστυνόμοις)
1567 1941 2028 2027 exponendum
2087 1943 2194 2007 sit.
2283 1940 2716 2009 Constituan-

672 2028 785 2089 tur
834 2022 1040 2111 igitur
1080 2032 1217 2089 tres
1264 2024 1510 2091 aediles
1555 2036 1624 2091 et
1681 2028 1974 2111 quinque
2014 2028 2141 2093 fori
2185 2028 2546 2114 praefecti,
2603 2029 2712 2093 iis·

718 2130 805 2175 ue
862 2117 1047 2174 certa
1100 2111 1327 2175 munia
1378 2109 1876 2177 demandentur.
1933 2117 2044 2200 (p.
2102 2112 2248 2179 763.
2317 2112 2398 2177 C.
2422 2134 2532 2163 ·--
2577 2116 2719 2180 764.

738 2195 812 2279 ..)
858 2232 969 2275 —x
1029 2194 1417 2261 Musicae
1458 2200 1786 2284 porroet
1825 2200 2424 2285 gymnasticae
2467 2222 2720 2283 prae·

674 2279 803 2345 fec
862 2302 951 2345 os
976 2278 1266 2367 deligere
1294 2279 1510 2365 decet,
1551 2281 1850 2372 duplices
1877 2282 2143 2367 quidem
2169 2286 2542 2369 utriusque.
2631 2286 2722 2354 Hi

676 2364 1083 2453 prospiciant
1156 2365 1355 2432 rebus
1412 2366 1506 2432 ‚ad
1587 2367 2068 2438 institutionem
2139 2393 2219 2438 ac
2297 2369 2722 2456 disciplinam

674 2473 1029 2539 puerorum
1084 2459 1155 2516 et
1209 2451 1729 2520 adolescentium
1783 2455 2303 2554 pertinentibus3
2359 2455 2616 2522 scholis
2657 2468 2726 2523 et

677 2536 1039 2624 gymnasiis
1096 2535 1480 2622 invigilent3
1547 2538 1619 2604 in
1673 2539 1849 2606 ludis
1922 2539 2194 2608 musicis
2251 2551 2318 2606 et
2389 2543 2726 2630 gymnicis

678 2619 1213 2687 concertantibus
1271 2624 1564 2706 praemia
1619 2623 2010 2703 decernant3
2081 2627 2322 2694 choros
2379 2649 2460 2692 ac
2523 2627 2728 2694 salta-

676 2704 893 2770 tiones
922 2713 1174 2787 eurent,
1220 2715 1289 2768 et
1331 2725 1505 2789 quae.
1547 2708 1684 2776 alia·
1719 2720 1876 2776 suut
1919 2709 2166 2778 similia
2198 2713 2296 2797 (p.
2345 2714 2494 2778 764.
2543 2711 2627 2778 C.
2649 2749 2727 2764 --

680 2787 826 2853 765.
882 2787 1026 2871 Β.).
1090 2827 1173 2838 —
1276 2789 1630 2858 Praeterea
1685 2817 1844 2862 vero
1903 2797 2102 2862 etiam
2145 2798 2726 2885 magistratus

678 2871 1003 2940 creandus
1094 2883 1236 2959 est,
1338 2876 1454 2960 qui
1535 2879 2146 2947 institutionis
2249 2883 2728 2950 universae

679 2967 812 3024 tam
898 2956 1289 3026 feminarum
1366 2983 1564 3046 quam
1655 2967 2098 3034 masculorum
2183 2970 2728 3053 procurationem

677 3043 939 3112 habeat.
1040 3043 1375 3127 Quoniam
1431 3071 1590 3114 vero
1653 3049 2004 3136 plurimum
2065 3052 2344 3120 interest
2399 3051 2484 3116 ad
2561 3054 2732 3122 civi·

676 3129 836 3230 tatis
880 3129 1183 3209 salutem,
1228 3142 1327 3233 ut·
1346 3132 1654 3200 iuventus
1698 3145 1879 3202 recte
1921 3137 2329 3221 instituatur,
2376 3138 2542 3203 nihil
2585 3163 2732 3207 ma·
2819 3213 2821 3226 Σ

678 3237 785 3362 ἕὲἷ
811 3216 1836 3389 ιιῖῗῖἳὲἓέῶῗιῗέἒὶἲ.ἓὲἒὲ
1861 3231 1991 3374 <1¹:51
2015 3234 2732 3394 ‘':t'ussuaffltffiff
2819 3283 2821 3294 ·

678 3403 797 3448 nes
856 3405 918 3448 m
1013 3387 1314 3470 'sti-atus,
1382 3390 1680 3476 exceptis
1723 3394 2010 3459 senatori
2058 3415 2138 3458 us
2195 3403 2266 3460 et
2305 3396 2731 3482 prytanibus'‚

677 3468 748 3531 in
812 3405 1057 3554 temaffo
1111 3473 1444 3559 Apollinis
1499 3477 1896 3543 conveniant
1953 3487 2154 3563 atque
2199 3479 2538 3564 suffragiis
2581 3485 2730 3550 suis

678 3549 1036 3638 declarent,
1086 3577 1434 3640 quemnam
1477 3561 1604 3646 ipsi
1659 3583 2013 3648 puerorum
2057 3563 2432 3633 educationi
2474 3567 2731 3653 optime

558 3711 560 3714 Α
682 3637 1082 3722 praefectum
1152 3643 1234 3708 iri
1292 3646 1687 3714 existiment.
1793 3647 1929 3739 Qui
1999 3650 2428 3737 plurimorum
2495 3653 2731 3719 tulerit
2791 3717 2802 3724 ,

678 3719 994 3810 suffragia
1050 3735 1247 3810 atque
1302 3731 1800 3818 magistratibus
1859 3755 2126 3819 quoque
2190 3735 2351 3801 satis
2393 3739 2728 3822 probatus

681 3806 917 3907 fuerit,
978 3808 1037 3874 is
1098 3831 1219 3910 per
1318 3815 1794 3902 uinquennium
1849 3818 1978 3884 hoc
2033 3820 2426 3908 magistratu
2441 3824 2466 3906 ‚'
2521 3823 2726 3912 louge

680 3891 793 3992 1119
836 3894 1245 3994 gravissimo,
1318 3910 1607 3988 ungatur
1665 3905 1759 3990 (p.
1809 3907 1952 3971 765.
1996 3905 2084 3970 D.
2137 3941 2212 3956 --
2261 3909 2406 3972 766.
2449 3908 2598 3995 Β.).
2643 3949 2726 3958 -

680 3975 809 4044 His
880 3976 963 4044 de
1012 3982 1308 4068 ⁸singulis
1378 3985 1878 4074 magistratibus
1959 3990 2276 4076 expositis
2293 4039 2314 4073 ‚
2393 3995 2725 4076 quaedam

681 4063 1043 4162 generatim
1118 4065 1451 4136 adduntur
1523 4073 1629 4158 (p.
1691 4076 1836 4140 766.
1894 4071 2046 4160 0.).
2132 4075 2454 4150 Monetur
2521 4082 2730 4164 enim,
2791 4088 2798 4094 ’

682 4146 844 4228 quid
896 4149 1271 4220 faciendum
1316 4155 1440 4237 sit,
1489 4157 1545 4221 si
1591 4159 1741 4242 quis
1787 4159 2240 4246 magistratum
2283 4173 2402 4229 aut
2441 4167 2735 4254 pupillo-
