2857 4738
730 403 739 414 Ι
847 319 969 384 nn
1022 318 1436 404 amemus
1485 327 1607 380 em.
1835 314 2224 379 LXXXIX

170 487 492 572 loquendi
551 489 876 554 rationem
936 511 1016 558 ex
1075 511 1219 552 usu·
1256 489 1578 552 ser-monis
1627 488 1992 572 quotidiani
2037 511 2224 574 repe-

170 575 385 656 titam,
453 574 658 639 sicuti
722 573 1204 638 demonstrasse-
1262 571 1562 638 videmur
1603 574 1672 639 in
1717 573 2222 638 Commentariis

167 659 247 722 ad
322 683 482 724 eum
544 660 767 728 locum
834 659 1235 743 perscriptis.
1352 661 1582 742 Atque
1634 659 1804 722 idem
1849 661 2042 744 plane
2089 659 2223 739 eiti-

168 744 577 808 stimandum
643 763 746 831 est
806 745 1001 808 etiam
1048 743 1128 806 de
1180 743 1362 808 Libr.
1410 743 1570 808 Vll.
1623 768 1686 828 p.
1735 747 1878 810 819.
1924 746 2010 809 D.
2057 743 2225 808 ἀλλὰ

167 835 385 908 υηινιόν
452 831 663 897 τινων
724 829 927 906 εἶναι;
991 829 1059 892 ἱῐι
1121 830 1361 910 quibus
1424 831 1518 894 ita
1564 829 1823 894 demum
1899 828 2256 912 offendas-,¹

168 916 218 980 si
266 939 407 980 rem
459 938 546 978 ex
590 924 819 988 nostra
862 913 1178 997 loquendi
1225 915 1478 986 ratione
1513 915 1821 996 metiaris.
1909 915 2058 980 Nec
2103 938 2224 980 nos

167 1001 295 1064 ullo
357 999 569 1064 modo
630 1008 970 1064 morantur
1038 1022 1206 1082 quae
1264 1000 1445 1064 Libr.
1507 1001 1624 1066 VI.
1691 1026 1752 1087 p.
1814 1004 1958 1067 775.
2006 1000 2086 1064 E.
2133 1001 2224 1064 le-

161 1094 445 1171 guntur:
499 1085 669 1170 ἀρχη
717 1093 843 1166 γάρ
892 1089 1002 1150 καὶ
1044 1087 1217 1161 θεὸς
1261 1110 1317 1148 κ.
1367 1111 1420 1149 r.
1470 1090 1566 1163 λ.;
1631 1087 2046 1172 quae·vulgo
2092 1109 2222 1150 non

164 1173 323 1236 satis
390 1180 586 1235 reete
645 1169 979 1238 intellecta
1040 1191 1186 1234 esse
1246 1193 1367 1234 suo
1442 1169 1588 1235 loco
1649 1171 2224 1236 demonstrabitur.

164 1259 433 1321 Minore
502 1255 705 1320 etiam
760 1256 901 1320 iure
962 1255 1233 1320 haereas
1289 1256 1357 1319 in
1416 1257 1601 1320 Libr.
1662 1254 1748 1322 V.
1809 1282 1873 1343 p.
1937 1259 2080 1322 727.
2137 1258 2222 1322 A.

164 1347 325 1426 τιμᾷ
388 1343 445 1407 δ’
516 1339 605 1417 (εἷς
665 1345 823 1418 ἔπος
880 1349 1086 1406 εἰπεῖν
1146 1341 1335 1420 ἡμῶν
1380 1344 1600 1414 οὐδεὶς
1643 1344 1916 1424 ὀρθῶς,
1967 1364 2058 1406 sc.
2105 1365 2226 1420 την

167 1425 423 1512 ψυχήν,
474 1435 547 1493 et
594 1427 680 1490 V.
734 1451 794 1512 p.
845 1428 993 1490 728.
1040 1426 1120 1490 B.
1172 1429 1313 1494 732.
1358 1427 1442 1491 A.
1491 1427 1651 1494 VII.
1697 1451 1760 1511 p.
1811 1429 1953 1490 797.
1989 1431 2071 1493 A.
2102 1425 2222 1490 VI.

164 1537 226 1596 p.
288 1516 447 1576 773.
502 1513 591 1576 D.
638 1511 727 1587 ὡς
780 1517 935 1587 ἔπος
978 1519 1187 1576 εἰπεῖν
1253 1516 1541 1588 δυνατός
1587 1513 1828 1587 abbeie,
1871 1509 2226 1577 dummodo

158 1599 519 1663 formulam
576 1595 925 1680 loquendi:
986 1593 1073 1666 ὡς
1108 1601 1291 1673 ,ἔπος
1350 1605 1590 1681 εἰπεῖν,
1667 1605 1848 1661 recte
1905 1597 2225 1681 interpre-

159 1685 341 1748 teris.
454 1683 665 1748 Porro
724 1683 910 1749 Libr.
969 1681 1130 1746 VH.
1185 1707 1249 1768 p.
1308 1683 1455 1748 814.
1501 1683 1580 1746 Β.
1625 1683 1914 1769 graviter
1957 1681 2222 1766 quidem

162 1769 429 1834 dictum
486 1779 593 1834 est
649 1785 771 1832 nec
827 1778 1051 1834 tamen
1116 1769 1369 1854 inepte:
1461 1771 1670 1848 δοξαν
1745 1772 1865 1832 τοῦ
1925 1776 2057 1832 των
2117 1767 2226 1832 ἀν-

166 1855 482 1937 θρώπων
540 1863 1131 1940 γένουςχκαταχεῖν
1177 1880 1235 1916 ν.
1281 1879 1336 1917 r.
1383 1857 1440 1916 λ.
1487 1853 1600 1918 ubi
1661 1851 1791 1916 vid.
1841 1876 1990 1916 ann.
2078 1853 2226 1916 Nec

166 1940 519 2022 videmus,
590 1938 750 2022 quid
810 1939 1075 2024 ineptae
1132 1939 1600 2025 superlationis
1656 1940 1816 2004 insit
1877 1939 1968 2003 in.
2006 1939 2224 2002 verbis
2285 1957 2289 1962 ·

172 2027 363 2091 Libr.
398 2025 495 2087 ΙΙ.
544 2048 607 2110 p.
655 2025 801 2087 665.
849 2021 906 2088 C
963 2023 1132 2090 ‘aiat'
1182 2029 1555 2105 ἀπληστίαν
1602 2025 1773 2090 εἶναι
1805 2061 1868 2072 «-
1903 2029 2014 2088 καὶ
2071 2028 2222 2103 ridu-

168 2110 327 2188 τήν,
394 2110 587 2174 ciiius
647 2107 777 2172 loci
834 2110 1454 2196 interpretationem
1499 2109 1800 2174 videmur
1846 2109 2224 2174 exhibuisse

170 2195 351 2260 omni
398 2193 797 2259 difficultate
844 2195 1163 2277 liberam,
1204 2206 1317 2260 aut
1365 2197 1547 2274 hihr.
1597 2194 1791 2259 VIII.
1838 2219 1901 2280 p.
1951 2195 2098 2258 829.
2145 2193 2222 2258 C.

170 2280 263 2343 D.
297 2279 415 2346 ubi
470 2279 765 2344 virorum
792 2280 1053 2348 fortium
1087 2281 1399 2362 carmina,
1431 2281 1688 2344 etiamsi
1718 2281 1929 2344 minus
1978 2278 2227 2342 fuerint
2283 2278 2286 2286 ’

171 2363 569 2446 laudabilia,
636 2377 854 2431 tamen
912 2366 1177 2452 publice
1240 2365 1584 2431 recitanda
1643 2388 1785 2430 esse
1830 2362 2231 2429 iudicantur.¹

176 2448 617 2517 Proverbialis
664 2474 863 2536 porro
904 2451 1314 2535 loquutionis
1370 2472 1528 2515 usus
1585 2452 1876 2515 cernitur
1928 2450 1994 2513 in
2041 2450 2224 2515 Libr.

178 2534 307 2599 IV.
360 2560 426 2621 p.
483 2539 622 2601 707.
681 2540 766 2601 A.
868 2539 1131 2613 λέοντες
1186 2534 1270 2601 ἄν
1314 2537 1609 2624 ἐλάφους
1667 2540 2025 2601 ὲΐῒισέΐεῖέν
2073 2536 2224 2623 φεύ-

170 2616 357 2705 γειιῖ,
418 2644 635 2706 neque
694 2628 873 2686 'caret
930 2623 1021 2686 ibi
1082 2622 1442 2709 hyperbole
1489 2622 1552 2687 vi
1609 2644 1728 2687 sua
1773 2630 1836 2687 et
1879 2621 2224 2707 gravitate.

168 2704 353 2773 Vere
388 2706 555 2771 'item
603 2717 910 2790 recteque
950 2707 1265 2773 dicuntur
1309 2708 1423 2771 illa
1451 2708 1637 2774 Libr.
1687 2708 1837 2771 IV.-
1870 2734 1932 2793 p.
1970 2710 2115 2777 708.
2146 2708 2224 2771 E.

169 2795 401 2869 ηύῦείς
474 2818 634 2857 ποτε
722 2792 1113 2876 ἀνθρώπων
1186 2798 1379 2858 οὐδὲν
1440 2802 1844 2876 represserat,
1904 2794 2095 2876 τύχαι,
2157 2800 2228 2858 δὲ

169 2882 287 2942 καὶ
348 2879 735 2965 ξυμφοραί,
774 2904 840 2941 τι.
890 2903 946 2963 τ.
986 2882 1045 2949 λ.
1093 2878 1288 2944 modo
1336 2879 1698 2944 orationem
1746 2879 2226 2949 meminerimus

168 2985 323 3028 esse
384 2963 847 3048 emphaticam:
980 2964 1080 3027 De
1149 2964 1295 3029 loco
1360 2966 1548 3029 Libr.
1595 2963 1792 3027 VIII.
1837 2985 1901 3045 p.
1948 2966 2093 3026 834.
2145 2963 2222 3024 Β.

168 3046 335 3132 quid
400 3048 902 3113 existimandum
946 3050 1071 3131 sit,
1120 3050 1528 3114 ostendimus
1576 3050 1646 3113 in
1693 3036 2224 3143 Commentariis,

51 3183 57 3192 .
166 3134 297 3199 ubi‘
360 3156 512 3199 eum
567 3136 793 3199 critice
839 3134 1319 3201 emendandum
1376 3158 1521 3199 esse
1567 3132 1930 3197 docuimus.
2020 3130 2228 3192 Dem-

216 3242 303 3283 ue
373 3240 499 3284 nec
559 3220 1023 3287 inurbanitatis
1088 3230 1218 3289 ,aut
1274 3220 1552 3284 tumoris
1625 3239 1758 3281 rem
1827 3237 2029 3298 supra
2087 3236 2228 3279 mo·-

166 3244 331 3369 :ium
398 3302 703 3391 augentis
756 3306 987 3370 vitium
1052 3306 1474 3393 agnoscimus
1535 3306 1626 3381 in,
1665 3300 1846 3367 Libr.
1924 3299 2112 3365 VIII.
2161 3325 2225 3387 p.

164 3390 323 3457 838.
372 3390 453 3453 Ε.
503 3411 647 3475 sqq.
696 3400 763 3454 et
806 3392 953 3455 839.
1012 3390 1090 3455 Β.
1140 3389 1462 3476 siquidem
1507 3388 1602 3455 ibi
1649 3386 1940 3473 vulgaris
1985 3386 2228 3453 lubidi-

164 3477 277 3541 nis
344 3475 697 3561 turpitudo
754 3498 1095 3561 generosa·
1133 3499 1282 3542 eum
1340 3472 1794 3561 indignatione
1836 3482 2105 3537 notatur
2163 3484 2230 3540 et

164 3560 589 3646 exagitatur,
654 3559 735 3623 de
800 3565 953 3643 qua'
986 3552 1054 3627 re
1111 3562 1267 3627 item
1328 3561 1517 3647 plura
1562 3558 1856 3623 dicemus
1902 3558 1968 3623 in
2031 3559 2226 3627 Com-

163 3646 539 3712 mentariis·
1316 3653 1321 3663 '

200 3876 206 3880 ,
343 3816 536 3881 Haec
595 3818 799 3904 igitur
856 3827 1013 3881 sunt
1082 3820 1252 3900 tere,
1329 3817 1502 3881 unde
1579 3819 1846 3883 criticus
1925 3815 2228 3879 acutissi-

162 3924 313 3967 mus
359 3901 631 3987 ineptae
660 3904 1144 3987 'superlationis
1198 3912 1264 3967 et
1288 3905 1673 3969 temerariae
1703 3897 2228 4001 exaggerationis

162 3988 461 4070 crimen,
543 3988 611 4052 in
688 3989 1077 4074 scriptorem
1148 3987 1553 4071 coniectum,
1627 3988 1912 4074 repetiit.
2040 3982 2229 4065 Quae

164 4071 439 4155 quidem
499 4072 729 4140 'omnia
780 4083 1011 4138 nostro
1056 4073 1302 4138 iudicio
1348 4082 1478 4138 tam
1525 4074 1782 4155 facilem
1837 4069 2082 4134 habent
2127 4066 2230 4131 vel

164 4157 671 4224 excusationem
736 4160 837 4222 vel
906 4156 1386 4240 defensionem,
1453 4168 1524 4223 ut
1583 4159 1962 4239 neutiquam
2026 4176 2106 4217 ex
2149 4153 2230 4217 iis
