2857 4738
857 307 994 374 DE
1042 304 1461 376 LEGIBUS
1508 323 1633 376 etc.
2156 311 2251 376 LI

149 473 214 540 de
249 471 542 540 dotibus
599 477 950 543 oratoriis
995 479 1214 566 operis
1259 478 1509 552 certius
1552 488 1917 562 statuatur,
1962 479 2251 566 indeque

151 559 218 625 de
241 560 384 626 eius
415 558 576 626 fide
609 571 696 628 et
729 563 1140 630 auctoritate
1183 563 1496 631 idoneum
1542 573 1877 652 repetatur
1912 564 2251 632 iudicium.

309 731 572 816 Itaque
607 756 814 800 nunc
857 733 929 799 id
962 733 1238 820 primum
1283 757 1320 800 a
1369 756 1582 818 amus,
1629 742 1702 798 ut
1743 735 2015 800 formam
2064 738 2252 820 quasi

158 827 344 902 atque
401 817 806 906 imaginem
867 820 1182 886 orationis
1226 819 1294 884 in
1402 820 1638 906 egibus
1688 829 2047 905 usurpatae
2090 844 2252 908 pau·

164 905 248 968 cis
291 902 826 970 adumbremus.
919 904 1121 988 Quod
1163 914 1238 971 ut
1278 907 1597 1004 prospero
1643 928 1885 990 operae
1933 928 2249 972 successu

166 989 297 1054 fieri
341 1000 588 1074 queat,
642 1000 808 1054 ante
851 991 1070 1054 omnia
1113 1015 1244 1056 una
1287 1013 1568 1056 maxime
1613 1013 1718 1056 res
1764 991 2055 1058 tenenda
2100 994 2247 1076 erit,

169 1097 328 1160 quae
373 1073 525 1140 dici
579 1099 726 1140 non
771 1085 998 1162 potest
1041 1086 1359 1162 quantum
1419 1076 1505 1142 ad
1550 1076 1815 1144 dicendi
1859 1098 2069 1165 genus
2116 1078 2247 1144 Le·

169 1161 356 1246 gibus
451 1161 734 1246 privum
817 1171 888 1226 at
935 1185 1016 1226 ue
1102 1162 1443 1249 proprium
1519 1164 1696 1228 recte
1768 1163 2247 1230 aestimandum

169 1247 404 1312 valeat.
535 1246 816 1312 Etenim
886 1185 1235 1334 diligenter
1314 1269 1438 1312 nos
1513 1247 1891 1316 meminisse
1960 1258 2246 1336 oportet,

169 1331 525 1416 Platonem
571 1332 648 1396 in
683 1334 768 1397 iis
798 1352 945 1397 esse
981 1333 1395 1419 antiquitatis
1426 1331 1885 1418 scriptoribus,
1933 1335 2048 1418 qui
2093 1357 2246 1421 pro·

167 1427 312 1506 pter
355 1417 700 1484 materiae
747 1417 1144 1504 scriptorum
1189 1442 1460 1504 suorum
1506 1417 2051 1518 discrepantiam,
2096 1441 2251 1504 pro·

170 1515 313 1592 pter
373 1513 808 1590 temporum,
875 1525 1040 1588 quae
1086 1515 1555 1592 respexerunt,
1602 1513 2013 1581 vanetatem,
2060 1503 2247 1570 deni·

173 1613 296 1676 que
355 1590 576 1654 etiam
637 1599 912 1676 propter
969 1592 1240 1666 aetatis,
1287 1611 1418 1674 qua
1464 1590 1907 1676 scripserunt,
1964 1589 2244 1656 diversi·

169 1684 375 1740 tatem
428 1675 667 1741 stilum
719 1697 908 1740 suum
955 1674 1609 1759 adeowariaverunt,
1657 1686 1731 1740 ut
1773 1676 1843 1742 in
1889 1675 2035 1744 aliis
2082 1675 2243 1742 scri-

171 1761 308 1846 ptis
351 1783 572 1847 saepe
617 1759 814 1846 plane
861 1760 972 1824 alii
1030 1759 1385 1826 videantur
1424 1771 1497 1826 et
1540 1769 1815 1866 propter
1858 1761 2006 1828 illas
2052 1783 2243 1828 caus·

170 1869 276 1912 sas
323 1845 512 1912 adeo
563 1847 703 1911 sint
746 1845 850 1910 sui
891 1845 1264 1929 dissimiles,
1311 1855 1388 1912 ut
1417 1845 1694 1911 difficile
1722 1845 2078 1913 videaturi
2130 1868 2245 1912 sos

169 1932 428 2017 ubique
490 1955 620 2018 pro
665 1929 898 1996 iisdem
945 1953 1330 2017 agnoscere.
1421 1929 1621 2016 Quod
1669 1931 1933 2018 quidem
1978 1933 2047 2002 in
2147 1933 2241 1998 l'a-

171 2027 324 2082 tone
385 2018 602 2103 longe
665 2017 968 2102 profecto
1013 2025 1116 2083 est
1157 2017 1759 2100 evidentissimum,
1807 2019 1995 2084 cuius
2039 2017 2243 2084 libros

175 2103 367 2169 nobis
421 2103 812 2190 legentibus
866 2100 1265 2175 admirabilis
1310 2103 1505 2190 plane
1576 2127 1615 2170 a
1665 2112 1853 2190 paret
1906 2102 2246 2168 doctrinae
2364 2173 2381 2182 ‚

177 2198 244 2254 ct
285 2189 616 2270 rationi8‚
679 2187 841 2252 artis
904 2196 972 2253 et
1014 2189 1545 2276 compositionis,
1652 2189 1890 2272 enique
1933 2185 2245 2253 dictionis

183 2283 382 2357 atque
425 2273 832 2338 elocutionis
878 2272 1244 2339 diversitas.
1331 2273 1521 2338 Idem
1584 2274 1758 2336 enim
1802 2273 1869 2336 in
1915 2272 2061 2337 aliis
2105 2269 2243 2336 dia-

183 2359 359 2443 logis
405 2367 506 2425 est
551 2359 836 2445 simplex
884 2367 950 2425 et
992 2359 1352 2446 popularis,
1396 2360 1467 2422 in
1506 2355 1653 2445 aliis
1696 2366 1933 2422 acutus
1979 2366 2047 2423 et
2089 2357 2243 2423 sub·

188 2444 351 2529 tilis,
399 2446 467 2511 in
512 2445 668 2509 aliis
715 2444 924 2509 elatus
968 2455 1034 2510 et
1063 2445 1406 2530 copiosus,
1453 2444 1524 2508 in
1569 2443 1713 2508 aliis
1748 2441 2033 2528 denique
2078 2442 2243 2507 mix·

181 2547 318 2595 tum
363 2530 576 2598 habet
618 2528 884 2596 dicendi
939 2552 1148 2615 genus
1195 2538 1262 2596 et
1321 2530 1503 2596 varie
1558 2538 2033 2615 temperatum,
2088 2552 2244 2628 pro·

181 2617 276 2681 uti
329 2639 446 2683 res
491 2617 566 2681 in
610 2616 692 2681 iis
737 2621 1060 2685 tractatae
1106 2616 1324 2681 varia'e
1371 2624 1530 2682 sunt
1574 2624 1771 2699 atque
1817 2613 2240 2700 multiphceS.

179 2702 517 2767 Nimirum
583 2724 856 2767 caussae
914 2702 1008 2766 rei
1065 2701 1278 2788 primo
1323 2700 1645 2788 adspectu
1692 2717 2006 2785 perquam
2050 2700 2243 2764 mira-

179 2788 374 2871 bilis,
448 2785 811 2853 dummodo
871 2809 953 2851 ne
1019 2786 1487 2870 praeiudicatis
1559 2785 1984 2872 opinionibus
2061 2807 2143 2850 ca
2192 2785 2244 2849 ti

179 2883 574 2953 teneamur,
634 2871 1187 2937 adiudicandum
1246 2895 1381 2937 non
1443 2870 1609 2937 adeo
1656 2868 2060 2935 videbuntur
2164 2870 2241 2933 if-

179 2958 418 3025 ficiles.
509 2958 690 3023 Nam
734 2958 1018 3044 primum
1067 2956 1331 3041 quidem
1376 2958 1623 3045 scripta
1664 2954 2049 3042 philosophi
2091 2978 2242 3040 pro-

181 3054 328 3130 pter
373 3052 708 3127 aetatem,
777 3065 910 3127 qua
951 3052 1107 3109 sunt
1151 3043 1556 3128 composita,
1617 3064 1937 3128 perquam
1983 3038 2246 3103 diversa

184 3138 374 3214 sunt,
439 3127 983 3214 quandoquidem
1040 3128 1170 3194 alia
1213 3126 1893 3205 sunt-adolescentis,
1940 3122 2073 3187 alia
2109 3144 2242 3187 ma-

185 3224 372 3280 turae
423 3216 702 3296 aetatis,
749 3214 882 3279 alia
923 3213 1352 3293 senescentiS,
1404 3221 1479 3276 ut
1521 3212 1629 3277 vel
1674 3234 1753 3275 eo
1799 3207 2059 3274 nomine
2106 3230 2241 3273 ma·

181 3300 436 3367 ximum
479 3300 658 3364 inter
699 3300 852 3386 ipsa
893 3298 1245 3368 discrimen
1290 3298 1611 3363 obtineat.
1698 3292 1965 3359 Deinde
2012 3292 2242 3359 soller-
2318 3365 2321 3368 ,

183 3386 486 3452 tissimus
561 3384 972 3473 dialogorum
1029 3384 1268 3473 artifex
1341 3384 1538 3447 etiam
1599 3379 1669 3445 id
1726 3388 1829 3445 est
1896 3388 2245 3463 sequutus,

181 3482 254 3535 ut
294 3472 674 3537 orationem
721 3480 1250 3557 argumentorum
1282 3466 1580 3533 varietati
1614 3462 1973 3551 prudenter
2012 3475 2246 3529 attem-

183 3556 564 3641 peraverit,
625 3555 1164 3640 quandoquidem
1233 3553 1426 3619 facile
1500 3552 1625 3617 sibi
1684 3550 2010 3637 persuasit
2066 3548 2247 3616 aliud

183 3641 458 3707 dicendi
519 3663 736 3727 genus
790 3641 1129 3729 proprium
1199 3660 1348 3705 esse
1395 3637 1701 3724 oportere
1746 3634 2102 3702 subtilibus
2145 3657 2246 3700 re-

181 3751 322 3793 rum
406 3727 871 3793 abstrusamm
946 3722 1545 3811 disputationibus,
1628 3720 1810 3789 aliud
1894 3721 2247 3787 convenire

182 3803 628 3901 explicationi
689 3830 913 3876 eorum
937 3857 957 3892 ,
1017 3820 1202 3895 quae‘
1242 3830 1324 3875 ex
1367 3808 1696 3873 communi
1741 3806 1915 3891 vitae
1962 3829 2087 3871 usu
2134 3801 2246 3867 de-

183 3908 452 3984 promta
519 3906 789 3979 essent,
836 3896 1015 3961 aliud
1061 3908 1287 3981 aptum
1335 3916 1481 3959 esse
1524 3891 1955 3979 popularibus
1998 3912 2245 3958 sermo-

185 3985 382 4050 nibus
407 4030 428 4065 ,
497 3981 686 4048 aliud
728 3981 967 4047 decere
1010 3983 1226 4046 ferum
1271 4001 1661 4065 magnarum
1704 3986 1903 4061 atque
1951 3973 2248 4060 gravium

186 4068 816 4135 commentationem
873 4067 974 4131 vel
1044 4066 1453 4145 suasionem,
1502 4062 1632 4128 alia
1674 4062 1819 4126 aliis
1866 4058 2247 4160 disputandi

185 4155 560 4223 rationibus
610 4174 760 4219 esse
793 4150 1309 4219 accommodata.
1400 4148 1711 4239 Denique
1737 4146 2041 4210 feruntur
2077 4167 2247 4243 enim

1706 4246 1849 4309 D..
