2857 4738
650 329 773 391 244
985 404 1002 414 ,
1328 315 2025 389 ARGUMENTUM

651 498 900 577 vivere,
951 504 1024 558 ut
1067 493 1262 560 ludos
1309 493 1515 557 faciat
1556 514 1754 579 quam
1801 490 2297 576 pulcherrimos.
2356 492 2681 562 Falluntur

651 581 866 662 enim,
933 580 1047 663 qui
1112 580 1282 645 seria
1337 578 1563 644 studia
1636 577 2035 644 arbitrantur
2090 576 2400 643 ludorum
2472 600 2679 647 caussa

653 664 1026 733 exercenda
1087 686 1253 730 esse.
1362 663 1631 749 Quippe
1688 660 1818 748 ipsi
1862 661 2159 729 homines
2202 686 2511 749 magnam
2550 687 2679 750 parv

650 766 782 817 tem
844 762 1000 817 sunt
1043 750 1336 816 ludicrae
1394 748 1715 834 imagines
1774 757 1841 811 et
1886 748 2177 813 veritatis
2222 771 2459 832 parum
2500 749 2673 835 parti-

653 838 869 923 cipes,
919 835 1246 919 siquidem
1295 832 1381 897 ad
1425 834 1619 897 deum
1668 843 2132 916 comparantur
2178 835 2277 918 (p.
2326 836 2471 898 80⁶2.
2507 838 2669 898 A.—

652 924 801 989 804.
859 922 994 1003 B.).
1056 958 1138 967 —
1236 922 1467 1001 Atque
1525 919 1629 985 his
1688 918 2007 1003 expositis
2060 919 2197 984 iam
2241 942 2384 985 non
2429 920 2663 986 alienum

653 1008 779 1073 erit
823 1007 1020 1071 etiam
1066 1004 1148 1069 de
1194 1004 1609 1091 gymnastica
1635 1004 2051 1069 institutione
2077 1004 2315 1088 paucis
2363 1026 2657 1091 exponere.

653 1095 1099 1158 Arcessantur
1155 1091 1360 1177 igitur
1418 1089 1754 1188 peregrini
1812 1088 2045 1154 harum
2104 1111 2328 1155 rerum
2386 1090 2659 1177 magistri,

656 1178 773 1262 qui
834 1174 1136 1242 mercede
1195 1174 1511 1251 conducti
1572 1198 1639 1239 m
1686 1174 2053 1260 gymnasiis
2096 1176 2665 1262 omnemiuventu-

655 1276 789 1329 tem
849 1262 1106 1328 virilem
1214 1261 1416 1325 ariter
1476 1284 1555 1325 ac
1618 1259 2005 1333 muliebrem
2060 1259 2433 1329 instituant.
2528 1262 2669 1325 Nam

657 1348 836 1433 quod
891 1349 1093 1412 etiam
1183 1347 1431 1411 eminas
1476 1346 1779 1410 volumus
1824 1344 1927 1409 his
1976 1346 2557 1412 exercitationibus
2592 1346 2671 1409 iu-

560 1480 576 1495 .
659 1455 906 1499 teresse
925 1482 944 1516 ,
1005 1431 1076 1496 id
1135 1454 1531 1517 quamquam
1592 1454 1630 1495 a
1674 1430 2101 1515 plurimarum
2146 1431 2487 1498 civitatum
2524 1435 2672 1496 more

659 1532 728 1585 et
782 1516 1264 1585 consuetudine
1321 1517 1519 1603 longe
1566 1514 1839 1597 recedit,
1886 1510 2107 1581 tamen
2149 1540 2276 1581 nec
2324 1518 2677 1606 adversatur

660 1615 933 1670 naturae
993 1603 1332 1670 mulierum
1353 1650 1372 1685 ,
1436 1612 1504 1667 et
1564 1600 1693 1685 ipsi
1735 1602 1977 1666 rationi
2022 1612 2537 1668 consentaneum
2574 1612 2674 1683 est,

659 1687 1198 1774 quandoquidem
1259 1688 1553 1772 alioquin
1615 1686 1848 1751 civitas
1915 1687 2120 1751 altera
2178 1688 2287 1753 sui
2334 1698 2520 1773 parte
2558 1697 2677 1753 tan-

662 1797 858 1859 quam
915 1772 1154 1838 debilis
1217 1782 1282 1837 et
1341 1795 1575 1838 manca
1632 1772 1859 1837 futura
1898 1781 2075 1837 esset
2120 1773 2232 1857 (p.
2296 1776 2444 1841 804.
2502 1770 2573 1837 C.
2610 1808 2677 1821 -—

661 1858 822 1925 806:
854 1856 988 1941 Q).
1037 1890 1117 1907 —-
1208 1856 1349 1923 Iam
1379 1880 1535 1923 vero
1582 1858 2053 1941 quaerentibus
2084 1857 2277 1924 nobis
2324 1859 2407 1923 de
2449 1857 2681 1924 vivendi

661 1944 939 2025 ratione,
987 1966 1156 2028 quae
1183 1944 1440 2009 civibus
1472 1943 1717 2008 nostris
1762 1944 2032 2029 propria
2066 1966 2225 2009 ,esse
2253 1944 2530 2027 debeat,
2572 1942 2679 2029 pri-

661 2053 768 2095 mo
815 2028 1081 2113 quidem
1127 2028 1449 2116 adspectu
1493 2028 1843 2093 videantur
1886 2029 2085 2093 vitam
2114 2029 2253 2094 otio
2300 2041 2371 2095 et
2412 2029 2681 2113 socordia

661 2138 856 2201 posse
885 2115 1273 2201 transigere,
1321 2113 1647 2199 siquidem
1674 2114 1756 2177 ab
1800 2108 1905 2179 his
1950 2114 2532 2188 exercitationibus
2572 2113 2681 2179 dis·

663 2206 1076 2267 cesserimus.
1196 2198 1399 2282 Quod
1456 2209 1673 2267 tamen
1729 2198 1927 2285 longe
1984 2221 2175 2265 secus
2234 2211 2361 2267 est.
2462 2201 2681 2286 Propo-

664 2288 862 2352 situm
926 2288 1096 2353 enim
1139 2286 1268 2351 illis
1329 2294 1468 2369 est,
1542 2294 1617 2349 ut
1690 2292 1931 2385 corpus
1999 2285 2271 2372 pariter·
2322 2296 2517 2371 atque
2566 2284 2681 2351 ani·

663 2397 837 2438 mum
905 2373 992 2438 ad
1049 2372 1314 2438 virtutis
1399 2394 1593 2456 quam
1666 2392 1984 2435 maxlmae
2060 2372 2531 2456 perfectionem
2592 2372 2681 2436 ex-

665 2459 907 2523 colant.
993 2459 1124 2523 -Ea
1190 2481 1347 2524 vero
1420 2479 1526 2522 res
1614 2454 1963 2541 plurimum
2046 2455 2252 2522 studii
2324 2481 2405 2523 ac
2470 2456 2683 2523 laboris

599 2598 608 2603 .
665 2544 791 2609 sibi
851 2542 1172 2627 deposcit.
1289 2541 1735 2623 Quamobrem
1808 2541 2005 2608 etiam
2064 2541 2227 2616 ordo
2291 2543 2555 2628 quidam
2603 2541 2681 2608 vi·
2764 2577 2771 2586 ·

665 2640 772 2694 tae
831 2628 914 2692 iis
977 2628 1465 2711 praescribatur
1532 2647 1803 2692 necesse
1864 2636 1985 2692 est.
2102 2625 2525 2712 Quamquam
2584 2648 2679 2714 pu-

667 2711 876 2776 tidum
949 2711 1264 2779 fuerit-et
1325 2712 1658 2795 ineptum,
1732 2711 1792 2775 si
1864 2711 2083 2798 legum
2140 2713 2449 2780 conditor
2498 2712 2683 2780 omnia

667 2817 744 2860 ac
801 2795 1104 2881 singula,
1153 2818 1324 2879 quae
1370 2795 1501 2860 huc
1540 2797 1947 2882 pertineant,
2012 2820 2320 2864 enarrare
2368 2810 2437 2865 et
2490 2801 2681 2886 singu-

665 2881 849 2946 latim
930 2883 1242 2968 persequi
1323 2881 1501 2946 velit.
1550 2923 1568 2942 ,-
1634 2879 1968 2963 Quocirca
2068 2883 2228 2949 satis
2320 2886 2447 2950 erit
2512 2905 2681 2968 quae·

665 2967 818 3032 dam
873 2968 1234 3052 generatim
1291 2965 1372 3030 dc
1413 2967 1517 3032 his
1561 2967 1757 3032 rebus
1804 2967 2209 3053 exposuisse.
2302 2970 2537 3054 Itaque
2573 2968 2679 3056 pri-
2768 3009 2770 3014 -

667 3075 842 3118 mum
901 3052 1168 3136 quidem
1225 3063 1486 3138 tempus
1543 3059 1937 3117 nocturnum
1993 3053 2085 3116 ita
2136 3055 2571 3143 transigatur,
2624 3060 2681 3117 ut
2736 3061 2745 3065 “

670 3161 752 3204 ne
797 3136 991 3204 nimis
1036 3135 1460 3224 indulgeatur
1486 3159 1720 3203 somno
1760 3159 1839 3208 ac
1882 3137 2198 3204 desidiae.
2290 3143 2435 3206 Imo
2482 3160 2679 3205 somno

667 3233 936 3288 eatenus
997 3233 1252 3290 tantum
1325 3221 1642 3287 utendum
1704 3232 1841 3303 est,
1888 3232 2215 3307 quatenus
2258 3226 2332 3291 id
2374 3225 2683 3312 postulant

662 3308 950 3373 rationes
993 3307 1407 3374 valetudinis.
1496 3307 1659 3372 Dies
1704 3315 1923 3373 autem
1941 3311 2157 3374 transi
2208 3310 2231 3374 i
2276 3311 2473 3377 debet
2513 3307 2684 3376 alacri

669 3415 746 3457 ac
789 3403 1058 3458 strenuo
1100 3395 1326 3460 labore
1373 3395 1467 3479 (p.
1516 3395 1662 3456 806.
1698 3393 1791 3462 D.
1834 3429 1917 3443 -
1964 3395 2108 3460 808.
2154 3335 2290 3480 ὅ).
2340 3435 2420 3444 -
2503 3397 2681 3462 Mane

671 3477 856 3561 pueri
929 3477 1100 3542 itent
1167 3478 1252 3544 ad
1329 3478 1677 3577 magistros
1754 3479 2219 3546 comitantibus
2284 3480 2679 3569 paedagogis.

670 3559 1071 3626 Continendi
1130 3563 1301 3629 enim
1362 3563 1457 3628 ilh
1516 3572 1689 3628 sunt·
1713 3560 1887 3626 omni
1934 3564 2323 3650 disciplinae
2371 3565 2683 3653 diligentia

669 3657 802 3710 tam
861 3668 900 3708 a
959 3646 1364 3735 paedagogis
1409 3671 1603 3732 quam
1656 3670 1694 3712 a
1737 3649 2088 3734 magistris,
2136 3673 2222 3715 ne
2265 3645 2546 3736 protervi
2585 3658 2681 3714 aut

671 3740 1094 3797 contumaces
1137 3734 1447 3799 existant.
1537 3731 1869 3817 Imprimis
1900 3757 2241 3801 servorum
2267 3737 2406 3820 filii,
2452 3737 2506 3802 si
2542 3730 2678 3820 quid
2767 3811 2769 3814 y

669 3816 1005 3881 inhonesti
1059 3818 1130 3881 in
1185 3839 1258 3882 se
1323 3817 1711 3899 admittant,
1758 3840 1893 3882 non
1936 3820 2148 3884 solum
2194 3845 2235 3886 a
2278 3813 2674 3908 paedagogis,

669 3900 786 3973 sed
847 3901 1046 3966 etiam
1104 3926 1143 3966 a
1201 3904 1436 3988 quovis
1495 3903 1789 3988 ingenuo
1834 3904 2207 3990 castigandi
2248 3915 2417 3972 sunt.
2505 3899 2675 3986 Quod

669 3994 744 4049 ut
785 3984 912 4050 rite
957 3985 1097 4070 fiat,
1130 4011 1374 4054 „curare
1420 3988 1624 4053 debet
1666 3984 1747 4071 is,
1794 3989 1902 4052 cui
1944 3989 2323 4057 universum
2343 3986 2673 4058 iuventutis

671 4069 1054 4136 educandae
1123 4092 1360 4138 munus
1419 4081 1488 4138 et
1544 4072 1836 4138 officium
1911 4065 2375 4143 demandatum
2428 4085 2521 4143 est
2576 4075 2669 4170 (p-

673 4152 816 4260 {308.
881 4155 970 4220 Ι).
1029 4195 1106 4208 —·-
1159 4159 1302 4224 809.
1349 4160 1498 4242 A.).
1548 4193 1627 4204 -—
1736 4155 1871 4226 Sed
1926 4159 2037 4228 hic
2094 4161 2237 4248 ipse
2296 4160 2667 4232 educatioms
