2857 4738
33 4637 68 4705 r-

900 320 1155 387 LIBRI
1204 322 1510 391 SEXTI.
2145 330 2230 389 97

45 448 48 453 Δ
152 487 281 551 756.
344 486 435 551 Β.
502 524 593 535 -
659 492 805 561 758.
853 491 987 575 Ε.).
1036 528 1118 561 -,-
1224 492 2226 575 Accedimusadsaeerdo-

150 584 289 639 tes.
373 570 703 655 Quorum
744 574 880 641 alii
924 586 1118 643 erunt
1160 578 1506 663 perpetui,
1551 577 1668 644 alii
1707 578 1930 645 annui.
2025 578 2116 643 Et
2162 578 2231 644 hi

148 655 421 741 quidem
485 659 737 727 sortito
800 662 1187 746 capiantur,
1233 662 1327 727 ita
1372 673 1630 746 tamen,
1675 672 1752 729 ut
1794 666 1922 729 nisi
1967 686 2225 729 morum

148 744 505 825 castitate,
574 746 761 811 vitae
816 747 1197 813 innocentia
1254 757 1323 813 et
1380 749 1644 834 generis
1688 748 2033 815 honestate
2083 751 2225 813 fue-

152 829 277 895 rint
316 829 627 915 probati,
676 855 947 899 munera
990 832 1271 919 adipisci
1314 848 1458 899 non‘
1496 834 1774 921 possint.
1879 834 2025 899 Nec
2081 836 2224 899 cui-

154 936 353 999 quam-
412 915 801 982 sacerdotio
862 918 1087 1001 aliquo
1144 917 1331 1003 fungi
1388 919 1628 1001 liceat,
1689 917 1819 988 nisi
1875 920 1990 1002 qui
2029 942 2223 1003 ,sexa-

151 1000 335 1087 ginta
380 1024 718 1067 annorum
764 1012 1041 1067 aetatem
1088 1002 1384 1090 attigerit
1428 1007 1525 1089 (p.
1564 1006 1707 1073 759.
1755 1005 1896 1088 A.).
1943 1032 2026 1052 -ι-
2117 1004 2221 1071 Si-

152 1084 399 1151 militer
464 1086 743 1153 creandi
816 1096 973 1154 sunt
1034 1087 1231 1153 etiam
1290 1088 1563 1172 aediles,
1631 1089 1746 1174 qui
1828 1090 2220 1174 templorum

150 1181 387 1257 gerant
425 1194 683 1254 curam,
730 1172 1001 1255 aediles,
1038 1172 1282 1258 quibus
1328 1174 1418 1239 sit
1442 1196 1608 1239 cura
1639 1176 1890 1239 viarum
1939 1184 2008 1239 et
2053 1196 2222 1259 quae

148 1264 299 1321 sunt
344 1256 491 1321 alia
534 1256 1383 1345 huius-generis,·denique
1414 1258 1822 1345 ag6ranomi,
1871 1258 1880 1264 ’
1912 1258 1982 1323 ui
2023 1260 2220 1328 rebus

148 1341 525 1412 vendendis
574 1351 645 1409 et
687 1340 979 1411 emendis
1030 1344 1524 1443 praeficiantur.
1581 1342 1754 1411 sed
1798 1367 1868 1409 re
1919 1345 2090 1411 imus
2133 1344 2218 1409 ad

150 1448 249 1493 res
310 1449 571 1507 sacras.
675 1428 899 1515 Leges
955 1429 1163 1517 igitur
1225 1429 1311 1495 ad
1356 1430 1586 1495 divina
1627 1453 1662 1497 s
1711 1438 2010 1495 ectantes
2055 1428 2218 1495 Del-

150 1511 293 1598 phis
349 1513 699 1598 ‚petendae
762 1523 917 1581 sunt
976 1524 1045 1579 et
1086 1516 1488 1600 interpretes
1535 1513 1622 1580 ad
1725 1537 1796 1581 as
1843 1515 2216 1597 constituti,

152 1600 212 1661 si
256 1620 403 1683 qua
465 1622 639 1685 opus
680 1600 885 1665 fucrit
906 1648 926 1682 ,
988 1599 1369 1667 adhibendi.
1481 1600 1624 1667 Iam
1673 1623 1828 1666 vero
1873 1601 2067 1667 etiam
2114 1623 2217 1668 re-

148 1681 579 1768 ligionum
649 1685 1189 1772 interpretes
1260 1688 1634 1771 (egnymaae)
1708 1686 1978 1752 creandi
2035 1697 2214 1768 sunt,

151 1767 325 1853 quod
388 1768 545 1849 fieri
604 1780 868 1856 oportet
920 1773 1203 1851 maxima
1259 1795 1409 1837 cum
1465 1770 1806 1858 religione.
1909 1770 2002 1835 Hi
2053 1792 2214 1835 vero

148 1852 277 1919 sint
318 1856 647 1939 perpetui
690 1876 816 1921 nec
860 1855 988 1921 nisi
1034 1879 1185 1923 cum
1227 1864 1439 1923 morte
1477 1879 1722 1923 munus
1769 1879 1962 1923 suum
2005 1855 2212 1941 depo·

148 1949 301 2009 nant
348 1942 457 2024 (p.
491 1941 642 2005 759.
672 1938 845 2007 Ibid.
890 1941 1026 2025 R).
1078 1978 1153 1989 --
1240 1942 1452 2007 Porro
1481 1942 1971 2009 constituantur
2014 1962 2212 2026 pro,-

148 2036 617 2093 curatores
688 2028 985 2111 (ταμίαι)
1041 2028 1472 2113 pecuniae
1541 2048 1840 2093 sacrae
1903 2026 2212 2091 aliarum·-

151 2132 273 2195 que
310 2133 547 2175 rerum
574 2130 933 2194 sacrarum,
977 2112 1183 2187 veluti
1232 2135 1600 2194 nemorum,
1647 2134 1960 2199 agrorum
1985 2132 2208 2176 sacro-

144 2218 279 2262 rum
340 2205 419 2261 et
462 2198 805 2263 fructuum
872 2198 967 2282 (p.
1017 2200 1164 2261 759.
1210 2198 1295 2265 E.
1343 2199 1492 2262 760.
1539 2198 1684 2280 A.).
1775 2205 2002 2280 Atque
2045 2195 2211 2259 haec

142 2280 411 2365 quidem
468 2281 557 2347 de
614 2284 813 2365 rebus
884 2284 1109 2350 sacris.
1218 2282 1570 2369 Pergimus
1625 2279 1712 2345 ad
1775 2282 1927 2348 alia.
2019 2279 2210 2343 Nihil

142 2389 295 2435 vero
354 2367 427 2432 in
472 2378 625 2434 tota
676 2367 945 2436 civitate
991 2367 1293 2437 custodia
1339 2373 1563 2432 carere
1607 2365 1709 2432 fas
1755 2375 1879 2432 est.
1967 2364 2207 2452 Itaque

147 2452 387 2517 urbis
426 2454 925 2522 custodiam
970 2464 1231 2542 agant
1268 2452 1516 2534 duces,
1564 2451 2024 2534 centuriones,
2067 2473 2206 2516 ma-

152 2535 337 2624 gistri
392 2541 695 2624 equitum
718 2589 739 2622 .,
785 2538 1222 2626 phylarchae,
1284 2546 1599 2625 prytanes
1619 2585 1640 2620 ,
1687 2546 1758 2602 et
1801 2535 2206 2602 vero.etiam

146 2621 386 2688 aediles
422 2633 519 2706 ‚et
572 2646 790 2690 rerum
849 2624 1180 2690 venalium
1249 2629 1611 2690 curatores.
1717 2625 1993 2709 Agros
2053 2644 2204 2686 au·-

142 2718 299 2774 tem
346 2731 819 2795 procurare
867 2711 1329 2776 iubeantur
1378 2721 1686 2794 agrorum
1750 2707 2064 2794 praefecti
2125 2726 2204 2771 ac
2287 2731 2292 2736 ·

140 2793 427 2862 tribuum
471 2796 813 2880 principes
894 2795 1114 2861 annui.
1208 2793 1397 2876 Quae
1443 2816 1550 2858 res
1594 2793 1774 2858 hunc
1815 2794 1888 2858 in
1933 2791 2204 2858 modum

138 2878 555 2946 instituenda
614 2881 757 2946 erit.
876 2880 1249 2950 Duodecim
1308 2879 1560 2961 tribus,
1625 2901 1904 2963 quarum
1961 2878 2202 2961 cuique

138 2973 355 3031 antea·
408 2965 874 3033 duodecimam
956 2989 1263 3053 agrorum
1337 2973 1592 3051 partem
1692 2963 2198 3048 assignavimus,

140 3049 441 3136 singulae
504 3051 631 3118 sibi
690 3052 929 3136 quinos
974 3049 1361 3139 praeficiant
1403 3049 1710 3116 tribunos
1755 3069 2038 3130 annuos,
2085 3046 2208 3129 qui-

138 3157 353 3202 rerum
396 3138 795 3204 rusticarum
822 3160 1047 3204 curam
1088 3143 1347 3220 gerant,
1390 3133 1822 3218 ἀγρονόμους
1863 3141 1932 3198 et
1973 3155 2194 3212 φρου-

130 3216 448 3305 ράρχους.
564 3223 827 3288 Horum
909 3221 1191 3306 quisque
1270 3243 1355 3286 ex
1406 3219 1585 3288 tribu
1649 3239 1776 3284 sua
1827 3214 2200 3282 duodecim

130 3305 449 3392 iuvenes,
487 3309 601 3393 qui
630 3317 909 3376 aetatem
942 3306 1227 3374 habeant
1268 3305 1512 3393 viginti
1541 3323 1860 3369 annorum
1904 3299 2194 3369 necdum

136 3390 545 3460 tricesimum
589 3415 831 3458 annum
876 3392 1367 3479 superaverint,
1428 3389 1556 3456 sibi
1613 3397 1930 3480 tanquam
1961 3387 2196 3454 ¹socios

138 3487 209 3544 et
258 3479 607 3546 ministros
652 3477 995 3566 adiungat,
1043 3478 1157 3563 qui
1200 3499 1399 3564 agros
1439 3481 1800 3574 peragrent
1841 3481 2044 3556 atque
2093 3473 2198 3539 vi-

136 3562 355 3648 sitent,
378 3641 385 3648 .
410 3565 511 3630 ita
539 3563 829 3649 quidem,
874 3573 951 3630 ut
994 3585 1220 3639 omnes
1264 3584 1345 3627 ac
1386 3559 1653 3658 singuli·
1672 3558 2012 3644 paullatim
2053 3557 2200 3656 uni·-

136 3669 361 3716 versae
410 3659 629 3716 terrae
676 3671 873 3732 quam
910 3647 1470 3716 accuratissimam
1515 3644 1849 3731 accipiant
1877 3643 2198 3711 notitiam.

128 3733 391 3802 Horum
438 3757 685 3801 munus
731 3735 823 3800 sit
864 3733 1089 3800 videre
1114 3783 1135 3818 ,
1182 3742 1259 3802 ut
1299 3731 1468 3805 fines
1513 3731 1598 3796 ab
1643 3728 1934 3804 hostium
1977 3730 2198 3796 incur·-

134 3821 437 3894 sionibus
480 3820 611 3886 tuti
654 3828 997 3903 maneant,
1054 3831 1128 3887 ut
1171 3818 1337 3886 locis
1382 3816 1640 3883 idoneis
1683 3815 2090 3883 munimenta
2127 3821 2196 3876 et

127 3906 403 3992 castella
476 3914 908 3974 exstruantur
922 3953 943 3989 ,
1002 3914 1082 3970 ut
1102 3903 1603 4006 „prohibeantur
1647 3923 1964 3986 aquarum
2005 3898 2197 3996 inuin-

127 3991 433 4059 dationes
453 4041 475 4076 ,
544 4001 771 4075 atque*
809 3989 1167 4070 necessarii
1210 3988 1668 4074 aquaeductus
1711 3995 1780 4052 et
1827 3985 2048 4050 fossae
2093 4004 2194 4052 m-

126 4079 514 4162 etituantur,
562 4075 855 4160 denique
884 4085 970 4142 ut
1022 4075 1361 4142 securitati
1396 4083 1464 4139 et
1507 4070 1835 4140 fertilitati
1883 4091 1922 4132 a
1973 4088 2194 4134 rorum

130 4165 278 4234 satis
324 4171 774 4253 prospectum
819 4160 1125 4226 videatur
1154 4167 1256 4253 (p.
1301 4161 1455 4224 760.
1511 4160 1589 4222 Α.
1617 4192 1701 4207 --
1737 4156 1887 4219 761.
2010 4152 2078 4237 .).
2115 4189 2198 4204 ·--

206 4287 337 4339 Plat.
381 4287 523 4351 Opp.
572 4285 701 4334 Vol.
750 4281 809 4332 X.
852 4282 995 4333 Sect.
1038 4281 1114 4333 ΙΙ.
1757 4275 1790 4335 ’ἶ
