2857 4738
344 325 474 388 DE
528 322 941 388 LEGIBUS
997 323 1169 384 [ΑΒ.
1227 321 1382 388 VII.
1439 322 1510 384 P.
1565 323 1708 386 815.
1761 325 1859 387 St.
2049 315 2169 388 367

31 579 34 604 Ι
138 503 274 589 μήν
326 529 445 588 μοι
500 499 709 593 ταύτῃ
767 504 948 570 δοκεῖ
1018 497 1249 586 σχεδὸν
1303 495 1704 585 ὀρθότατον
1755 493 1924 567 αὐτὸ
1981 500 2169 581 εἶναι,
2219 507 2277 569 1)

138 609 339 692 χωρὶς
390 607 511 688 μὲν
566 605 967 686 πολεμικοῦ,
1014 607 1213 688 χωρὶς
1266 605 1335 666 δὲ
1390 602 1721 686 εἰρηνικοῦ
1775 605 2029 680 θέντας
2083 613 2170 670 εἰ·

144 719 327 783 πεῖν,
379 704 468 782 ὡς
520 703 641 770 οὐκ
690 710 825 771 ἔστι
874 701 1219 770 πολιτικὸν
1270 703 1472 770 τοῦτο
1526 703 1645 780 τῆς
1696 700 2025 788 ὀρχήσεως
2096 707 2172 772 τὸ

146 815 367 892 γένος,
432 808 751 872 ἐνταῦθα
824 807 891 870 δὲ
960 811 1259 890 κείμενον
1324 803 1660 884 ἐάσαντας
1727 809 2003 872 κεῖσθαι
2054 810 2177 874 νῦν

144 913 249 976 ἐπὶ
306 905 385 974 τό
442 904 799 991 πολεμικὸν
844 901 987 993 ἅμα
1041 911 1150 972 καὶ
1208 901 1568 994 εἰρηνικόν,
1616 901 1702 980 ὡς
1756 904 2178 997 ἀναμᾳιςβη-

147 1012 363 1092 τήτως
416 1007 735 1095 ἡμέτερον
786 1003 886 1084 ὅν,
940 1013 1299 1076 ἐπανιέναι.
1342 1003 1476 1076 ,Τὸ
1533 1001 1612 1084 δὴ
1664 1007 1782 1086 τῆς
1833 1006 2177 1094 ἀπολέμου

154 1109 457 1190 Μούσης,
507 1117 577 1176 ἐν
629 1106 936 1194 ὀρχήσεσι
968 1113 1036 1175 δὲ
1096 1106 1249 1186 τούς
1290 1133 1359 1174 τε
1406 1105 1619 1182 θεοὺς
1675 1109 1996 1188 καὶτοὺς
2048 1115 2180 1176 τῶν

152 1217 339 1280 θεῶν
397 1215 645 1287 παῖδας
700 1213 931 1304 τιμῶν,
988 1217 1057 1276 ἓν
1112 1216 1233 1292 μὲν
1287 1208 1552 1293 ξύμπαν
1595 1209 1876 1290 γίγνοιτ’
1937 1209 2024 1276 ἂν
2081 1221 2179 1294 γὲ-

148 1483 216 1530 A.
266 1475 326 1528 Ω.
365 1495 413 1530 ν.
452 1476 486 1525 f.
522 1478 574 1525 h.
614 1475 663 1526 d.
704 1475 939 1526 scribunt
976 1474 1047 1524 Τὸ
1099 1475 1152 1524 δὲ
1190 1479 1281 1538 τῆς
1314 1473 1473 1522 einai.
1504 1475 1584 1523 M.
1625 1470 1766 1539 quod
1805 1476 2030 1539 probant
2065 1477 2176 1528 Tu·

146 1547 620 1609 ricenses‚1-lerm.
656 1552 712 1596 et
746 1545 1046 1598 Schneider.

286 1617 527 1674 παῖδας
564 1615 796 1682 τιμῶν]
840 1616 931 1666 Sic
968 1614 1093 1664 Ald.
1135 1613 1265 1664 1017.
1312 1613 1431 1663 388.
1468 1613 1516 1664 1
1563 1612 1612 1664 2
1663 1611 1818 1664 codd.
1860 1615 1921 1666 Ξ.
1961 1633 2006 1665 ν.
2045 1617 2079 1668 f.
2121 1619 2170 1669 h.
2229 1622 2234 1628 ’

148 1703 189 1736 r.
229 1703 278 1737 a.
321 1702 366 1736 c.
408 1687 455 1736 ὃ.
498 1704 543 1734 ο.
594 1684 891 1748 Stephanus
942 1684 1085 1735 dedit
1132 1701 1423 1746 τιμωιτων,
1471 1681 1642 1746 quod,
1692 1681 1736 1731 si
1771 1685 1892 1747 quid
1932 1701 1996 1735 ex
2037 1686 2172 1739 Bek-

149 1757 259 1808 keri
296 1755 507 1806 silentio
544 1754 715 1834 colligi
758 1755 909 1816 licet,
956 1756 1005 1804 in
1042 1755 1111 1802 A.
1146 1755 1219 1802 Ω.
1258 1753 1476 1814 aliisque
1513 1752 1758 1814 scriptum
1797 1755 2084 1819 reperitur,
2123 1765 2177 1808 et

150 1832 419 1876 servatum
472 1825 627 1874 etiam
666 1839 695 1874 ιι
737 1821 1061 1874 Schneidero
1099 1830 1197 1873 est.
1272 1823 1401 1870 Dein
1439 1822 1494 1872 Ξ.
1537 1835 1580 1868 v.
1625 1820 1659 1868 f.
1699 1835 1739 1872 r.
1778 1839 1824 1872 ιι.
1866 1840 1914 1874 c.
1954 1845 2000 1876 ο.
2040 1825 2166 1892 δυ’-μ

150 1916 252 1946 παν
291 1893 353 1944 τό
397 1897 559 1960 τιμῶν
592 1889 872 1960 οὐδετέρως
904 1891 1121 1958 γίγνοιτ’
1158 1910 1236 1939 αν.

151 2119 266 2157 ταις
312 2100 594 2166 ἑπομένας,
648 2121 709 2159 ας
754 2101 991 2168 Νύμφας
1035 2099 1119 2148 καὶ

148 2171 357 2227 Πᾶνα-ς
374 2167 459 2217 και
482 2169 741 2235 Σιληνοῦς
778 2191 819 2220 ιι.
842 2191 889 2220 τ.
918 2173 962 2223 λ.
998 2170 1116 2218 lno-

149 2237 457 2304 νομάζουοι,
494 2240 544 2288 in
583 2242 841 2304 mysteriis
877 2241 1115 2290 usitatas.

152 2308 258 2358 Hic
328 2321 431 2357 non
502 2323 793 2359 sermonem
868 2325 987 2360 esse
1051 2307 1117 2358 de

150 2377 545 2429 Atheniensium
580 2380 805 2443 pompis,
841 2381 891 2431 in
931 2378 1119 2443 quibus

150 2448 378 2513 virgines
426 2448 553 2498 talia
612 2463 867 2512 nunquam
930 2451 1115 2498 saltas-

152 2524 297 2578 sent‚
346 2515 441 2565 sed
481 2516 549 2567 de
586 2516 776 2567 Siculis
815 2525 868 2569 et
904 2518 1118 2577 Italicis,

152 2600 289 2651 quas
340 2586 521 2635 oculis·
568 2594 909 2652 usurpaverat
961 2587 1115 2637 Plato

154 2660 202 2705 in
250 2655 755 2719 peregrinationibus
801 2658 941 2717 suis,
990 2671 1116 2705 con-

151 2724 340 2775 firmari
429 2732 605 2787 potest
690 2741 753 2775 ex
824 2722 1117 2787 Xenoph.

152 2794 338 2857 Symp.
392 2807 438 2842 0·
481 2794 779 2859 7.p.159.
830 2795 912 2846 ed.
956 2794 1117 2845 Baeh.

154 2864 243 2913 ubi
284 2862 536 2913 Socrates
574 2864 641 2913 ad
664 2866 1117 2929 praestigiatorem

152 2932 573 3015 Syracusanum,
618 2935 701 2997 qui
748 2935 1117 2985 saltatriculsm

150 3002 201 3051 in
279 3002 573 3053 convivium
646 3003 918 3055 induxerat
974 3004 1120 3053 miris

154 3069 583 3123 contorsionibus
609 3087 802 3137 corpus
839 3080 1117 3133 rotantem,

154 3138 198 3189 εἰ
232 3138 460 3228 ὄρχοῖτο
496 3138 630 3205 neoc
666 3140 761 3191 τὸν
798 3140 925 3191 mna
934 3160 961 3189 ν
954 3138 1118 3213 σχή-

153 3226 327 3275 ματα,
371 3202 451 3265 occ
490 3208 718 3277 Χάριτές
754 3229 808 3261 τε
848 3230 932 3262 και
954 3202 1121 3273 ‘sspm

152 3278 236 3327 καὶ
272 3276 509 3345 Νύμφαι
543 3278 855 3345 γράφονται.
919 3282 1121 3345 Aperta

154 3347 234 3397 hic
276 3348 475 3397 mentio
514 3349 847 3400 mulierculae
892 3350 1121 3409 Siculae,

152 3417 399 3481 gestibus
461 3416 587 3468 deas
646 3420 779 3472 istas
838 3420 1118 3484 pingentis.

153 3486 301 3537 Idem
342 3494 565 3551 apparet
612 3504 675 3539 ex
731 3489 953 3555 epistola
988 3488 1121 3553 Hip-

155 3554 401 3621 poloehi,
453 3556 517 3605 sd
577 3558 750 3609 luxum
799 3558 1117 3609 convivalem

154 3626 491 3677 Graecorum
546 3633 786 3693 tempore
838 3626 1123 3679 Alexandri

156 3695 595 3761 cognoscendum
681 3697 915 3763 apprime
987 3696 1122 3759 utili,

155 3780 319 3828 quam
344 3766 577 3817 servavit
610 3767 993 3819 Athenaeus
1022 3766 1118 3815 lv.

154 3836 205 3887 2.
247 3850 323 3905 p.
341 3832 465 3887 130.
511 3840 569 3883 Α.
618 3837 707 3887 ubi
762 3836 1120 3889 vaenaeum

154 3904 209 3953 in
246 3886 448 3969 nuptiis
488 3903 677 3955 Catani
722 3911 915 3955 canunt
962 3906 1120 3955 salta

154 3974 380 4023 tricnlae
446 3970 865 4041 διεσκευασμέναι
921 3971 1125 4041 τρόπον

156 4043 464 4109 Νηρηΐδων,
503 4044 561 4093 αἱ
590 4044 645 4093 δὲ
662 4044 749 4094 Νι
740 4063 919 4109 μφων.
969 4044 1122 4093 Scili-

156 4117 242 4162 cet
282 4128 311 4163 e
352 4111 557 4175 pompis
588 4112 878 4173 Bacchieis,
914 4112 969 4162 in
1006 4114 1121 4177 qni-

156 4181 254 4231 bus
291 4181 656 4233 saltatriculas
695 4183 952 4234 eiusmodi
984 4183 1121 4233 Dea·

154 4264 267 4303 rum
310 4264 591 4316 personam
625 4252 940 4304 sustinentes
962 4266 1123 4317 saepe

1221 2113 1438 2149 eernere
1495 2107 1576 2148 est
1639 2101 1685 2147 in
1765 2101 1902 2151 vasis
1959 2103 2178 2166 figulinis

1220 2167 1442 2230 Magnae
1494 2168 1786 2228 Graeciae,
1840 2169 1904 2219 ad
1969 2171 2177 2222 theatra

1219 2237 1432 2301 Capuae
1479 2244 1532 2286 et
1582 2237 1698 2288 inde
1746 2237 1965 2289 Romam
2019 2244 2174 2292 etiam
2277 2272 2282 2281 ·

1216 2307 1495 2367 transiere,
1542 2309 1798 2358 communi
1839 2324 1885 2359 m
1904 2311 1916 2358 i
1933 2324 1976 2358 m
1995 2326 2022 2358 a
2039 2325 2106 2359 ru
2123 2326 2169 2360 m

1218 2379 1427 2427 nomine
1472 2378 1768 2442 insignitae.
1853 2379 2178 2431 lnsanierunt

1217 2448 1267 2497 in
1330 2462 1418 2496 eas
1484 2444 1838 2497 Romanorum
1909 2464 2172 2512 proceres.

1218 2517 1419 2579 Ecquis
1451 2515 1660 2580 ignorat
1681 2517 2048 2580 Arbuscnlnm,
2085 2527 2176 2569 aut

1219 2585 1552 2651 Cytheridem
1580 2586 1869 2636 Antonii‘e“
1910 2586 2058 2639 Haec
2079 2590 2174 2653 igi-

1219 2663 1301 2706 tur
1351 2654 1776 2720 Biittigerus,
1834 2656 1909 2706 vir
1961 2659 2174 2709 immor-

1218 2724 1335 2775 talis
1410 2725 1728 2784 memoriae,
1786 2726 1866 2775 cui
1921 2728 2178 2779 vellemus

1221 2810 1409 2859 pares·
1431 2800 1609 2844 essent
1669 2793 1917 2860 philologi
1973 2798 2174 2854 novitii,

1218 2865 1303 2928 qui
1344 2878 1509 2927 nuper
1547 2862 1612 2913 de
1649 2866 1846 2914 meritis
1891 2868 2002 2917 eius
2039 2866 2175 2917 indi-

1218 2933 1332 2991 gnis
1408 2932 1581 3015 modis
1662 2931 1936 2985 detrahere
2005 2937 2224 2987 conati

1220 3008 1356 3052 sunt.

1289 3070 1358 3121 D.
1437 3068 1516 3119 Το
1577 3070 1648 3133 δὴ
1689 3075 1801 3133 τῆς
1837 3067 2176 3137 ἀπολέμοι

1228 3138 1496 3202 Μούσης
1537 3138 1634 3203 -]
1685 3154 1891 3204 genus
1949 3140 2176 3193 Musae

1224 3225 1474 3260 sacrum
1510 3210 1800 3270 imbelli,
1850 3209 1958 3273 sed
2010 3212 2175 3274 quod

1224 3280 1385 3329 deos
1469 3278 1866 3342 deorumque
1945 3279 2177 3329 filios

1223 3347 1726 3398 saltationibus
1762 3350 1928 3399 colit
1971 3356 2036 3401 et
2072 3349 2175 3401 ho-

1223 3425 1425 3467 norat.
1473 3416 1651 3467 ·Male
1709 3424 2051 3479 correxerunt
2096 3441 2173 3469 u-

1222 3484 1458 3552 μῶντων,
1515 3485 1652 3549 quod
1717 3495 1862 3537 extat
1919 3492 2076 3539 eiiam
2127 3486 2178 3539 ln

1222 3555 1376 3606 codd.
1424 3555 1731 3618 quibusdam
1783 3570 1883 3609 non
1925 3574 2178 3623 spernen-

1224 3625 1320 3675 dis.
1394 3624 1527 3676 Nam
1575 3625 1740 3690 ipsum
1796 3626 1895 3678 hoc
1940 3630 2179 3680 saltatio-

1224 3698 1303 3745 nis
1358 3710 1524 3759 genus
1567 3694 1903 3760 describitur,
1955 3698 2180 3763 ideoque·

1225 3765 1417 3815 dicitur
1450 3768 1612 3830 τιμᾶν
1647 3764 1774 3821 τοὺς
1810 3766 1991 3825 θεούς.
2059 3770 2180 3819 Alia

1222 3834 1359 3885 foret
1394 3834 1500 3885 loci
1537 3838 1824 3899 sententia,
1871 3837 1958 3887 nbi
2008 3836 2181 3897 verbis

1224 3908 1319 3968 τῆς
1377 3902 1642 3969 ἀπολέμου
1706 3905 1930 3971 Μούσης
1991 3904 2180 3955 deinde

1226 3980 1618 4039 opponerentur
1661 3972 1804 4024 haec:
1845 3975 1898 4021 ἓν
1933 3971 2181 4041 ὀρχήσεσι

1224 4044 1278 4093 δὲ
1312 4042 1620 4108 τιμώντων.
1696 4044 1896 4093 Dicitur
1931 4055 2056 4093 vero
2093 4049 2177 4093 lo-

1224 4119 1332 4163 tum
1380 4111 1480 4172 hoc
1524 4125 1692 4177 genus
1753 4126 1906 4162 unum
1955 4112 2181 4164 existere

1226 4198 1319 4245 ρο,
1380 4181 1524 4247 quod
1584 4186 1893 4231 exerceatur
1931 4182 2000 4229 ἐν
2050 4180 2176 4252 δόξῃ

1224 4270 1317 4300 του
1370 4249 1614 4318 πράττειν
1670 4264 1759 4311 ευ,
1763 4250 1864 4303 li.
1901 4268 1956 4305 e.
2020 4268 2177 4304 sensu

1247 4439 1255 4465 l
