2857 4738
701 368 826 428 246
1363 360 1841 428 ARGUMEN
1850 361 2057 428 TUM

699 533 1088 635 propulsare
1132 532 1390 618 possint
1430 532 1526 619 (p.
1568 534 1715 611 823.
1760 531 1841 597 B.
1872 570 1955 581 —-
1986 534 2133 599 814.
2178 530 2309 617 0.).
2356 568 2431 579 -
2508 530 2679 613 Missa

699 642 830 683 lam
890 618 972 683 de
1029 618 1214 683 lucta
1285 618 1770 703 disputatione,
1842 617 2341 705 progredi-amur
2416 616 2675 682 continno

703 704 788 769 ad
831 704 1152 789 reliquam
1197 704 1501 789 corporis·
1536 704 1911 786 motionem,
1958 726 2127 789 quae
2172 702 2488 769 communi
2522 702 2675 767 salma

700 789 900 857 tionis
946 789 1207 853 nomine
1252 788 1661 875 designatur.
1750 787 1925 855 Sunt
1956 811 2109 854 vero
2156 788 2287 853 duo
2328 788 2672 875 potissimum

701 876 1078 941 saltationis
1137 896 1418 961 genera,
1480 874 1779 940 militaris
1839 874 2103 939 saltatio
2150 872 2665 961 (pyrrhich'a),

701 973 770 1025 et
825 961 1090 1026 saltatio
1155 961 1581 1045 temperatior
1636 982 1715 1024 ac
1776 958 2088 1044 sedatior,
2133 962 2273 1024 sive
2322 954 2662 1023 emme-lia:

701 1068 900 1132 quam
957 1054 1300 1129 utramque
1358 1046 1577 1133 legum
1638 1054 1868 1110 auctor
1921 1044 2211 1111 consiliis
2272 1045 2406 1111 suis
2472 1062 2661 1107 accom-

699 1132 1029 1197 modatam
1073 1132 1314 1209 saciet3
1387 1132 1609 1218 legum
1650 1130 1961 1205 custodes
2020 1153 2203 1213 vero,
2279 1152 2363 1194 ne
2427 1125 2661 1192 novando

700 1214 1121 1302 depravetur,
1168 1216 1400 1285 scdulo
1446 1215 1776 1281 cavebunt
1821 1218 1911 1302 (p.
1958 1218 2104 1281 814.
2154 1214 2235 1280 C.
2282 1252 2363 1263 --
2394 1215 2526 1281 816.
2563 1212 2666 1295 D.).

701 1337 783 1351 —-
841 1302 944 1366 Ex
992 1304 1229 1369 ceteris
1279 1301 1649 1369 saltationis
1694 1302 2047 1389 generibus
2086 1297 2497 1369 memoranda
2529 1314 2669 1381 prae·

697 1397 881 1452 terea
937 1398 1040 1465 est
1079 1389 1348 1453 saltatio
1395 1385 1862 1453 comoedorum
1908 1400 1978 1452 et
2022 1396 2123 1451 tra
2171 1386 2507 1466 oedorum,
2546 1403 2671 1466 quae

691 1472 965 1556 quidem
1021 1474 1092 1537 in
1161 1474 1426 1539 civitate
1486 1482 1711 1539 nostra
1771 1495 1903 1537 non
1965 1481 2065 1537 est
2106 1410 2411 1553 gerenda,
2464 1466 2675 1533 nisi-illi

697 1568 904 1625 artem
945 1581 1129 1624 suam
1175 1559 1603 1645 probaverint
1650 1558 2142 1645 magistratibus
2192 1559 2289 1643 (p.
2339 1557 2475 1623 816.
2512 1552 2584 1617 D.
2614 1588 2675 1599 —

697 1645 846 1709 817,
875 1643 1011 1726 E.)
1059 1680 1142 1694 --
1229 1644 1510 1709 Restant
1554 1643 1771 1709 adhuc
1816 1653 1951 1707 tres
1997 1642 2405 1727 disciplinae,
2451 1659 2591 1725 quae
2614 1636 2673 1699 ab

695 1728 998 1815 ingenuis
1057 1727 1431 1795 hominibus
1490 1739 1645 1794 sunt
1702 1727 2087 1812 discendae,
2125 1740 2259 1793 'ars
2326 1720 2675 1803 numerandi,

695 1834 801 1879 ars
859 1812 1193 1896 metiendi,
1239 1824 1309 1879 et
1367 1814 1810 1897 astronomia,
1872 1835 2035 1900 quas
2068 1814 2221 1879 etsi
2282 1836 2413 1877 non
2454 1816 2678 1897 possunt

696 1920 923 1964 omnes
967 1899 1342 1965 accuratius
1387 1899 1797 1981 condiscere,
1844 1908 2063 1964 tamen
2090 1899 2463 1983 potissimas
2504 1914 2677 1959 earum

692 1992 914 2085 partes
971 1985 1234 2070 penitus
1292 1986 1598 2073 ignorare
1654 1994 1849 2068 turpe
1920 1984 2239 2050 videatur.
2331 1976 2679 2049 Numerandi

691 2070 902 2156 igitur
957 2092 1064 2134 ars
1127 2094 1165 2135 a
1222 2070 1447 2157 pueris
1507 2069 1826 2137 discenda
1882 2078 2020 2153 est,
2080 2069 2393 2153 quoniam
2451 2064 2679 2129 maxima

691 2154 847 2221 inde
906 2154 990 2219 ad
1049 2156 1260 2239 ipsam
1316 2156 1526 2222 vitam
1580 2154 1908 2221 redundat
1949 2150 2201 2220 utilitas
2220 2204 2241 2238 ,
2292 2177 2368 2219 ac
2408 2160 2571 2216 tanto
2608 2150 2678 2211 fa-

692 2241 884 2306 cilius
941 2263 1020 2305 ea
1075 2242 1321 2326 poterit
1377 2243 1461 2308 ab
1518 2242 1601 2307 iis
1659 2240 1947 2327 percipi,
2014 2264 2145 2325 quo
2212 2241 2403 2326 plura
2460 2234 2536 2301 ad
2572 2256 2678 2298 eam

690 2348 828 2392 rem
856 2328 1125 2391 inventa
1155 2336 1308 2402 sunt
1336 2326 1643 2392 ludorum
1668 2324 2088 2409 adminicula,
2122 2327 2347 2412 pueris
2376 2342 2679 2406 sanequam

690 2413 1059 2478 utilissima.
1167 2413 1248 2476 In
1307 2412 1620 2478 metiendi
1695 2421 1837 2476 arte
1896 2435 2093 2497 porro
2157 2421 2423 2496 oportet
2484 2427 2678 2494 pueros

687 2498 968 2562 maxime
1025 2520 1431 2583 cognoscere
1476 2521 1588 2579 ea,
1636 2520 1805 2582 quae
1848 2508 2140 2563 mutuam
2182 2497 2431 2564 habent
2467 2513 2679 2558 mensu·

688 2605 850 2665 ram,
899 2605 982 2645 ne
1029 2585 1206 2666 turpi
1235 2583 1302 2647 in
1347 2585 1548 2649 rebus
1580 2581 1957 2648 iudicandis
2004 2605 2221 2647 errore
2267 2582 2591 2665 ducantur,
2628 2576 2676 2637 in

689 2687 822 2748 quo
881 2674 1228 2730 versantur
1279 2668 1541 2752 plurimi
1606 2669 1713 2753 (p.
1774 2671 1916 2731 817.
1980 2669 2057 2736 Ε.
2100 2707 2185 2716 -
2232 2671 2381 2732 820.
2438 2665 2571 2748 Ε..)
2618 2697 2676 2706 -

685 2750 998 2835 Denique
1059 2751 1256 2816 etiam
1331 2752 1621 2818 siderum
1694 2754 1933 2818 notitia
2007 2754 2227 2840 pueris
2300 2745 2677 2837 impertienda

686 2844 807 2901 est.
917 2834 1133 2917 Quam
1193 2837 1386 2921 quod·
1423 2839 1623 2925 vulgo
1668 2848 1909 2939 putant
1950 2839 2298 2925 religiosae
2340 2835 2559 2924 pietati
2593 2829 2677 2896 ad-

683 2921 971 3002 versari,
1036 2920 1358 2987 ridiculus
1417 2924 1611 3010 plane
1670 2947 1725 2990 1s
1770 2947 1955 2988 error
2002 2934 2119 2993 est.
2207 2924 2355 2988 Imo
2399 2923 2561 2988 valet
2596 2917 2678 2982 illa

684 3006 826 3072 sine
875 3005 1076 3072 dubio
1153 3029 1256 3091 e0,
1311 3017 1388 3072 ut
1449 3009 1531 3074 de
1587 3009 1716 3074 diis
1778 3009 2208 3095 coelestibus,
2263 3008 2461 3092 Sole,
2504 3007 2673 3082 Luna,

685 3093 853 3173 aliis,
916 3093 1158 3157 rectius
1220 3095 1573 3178 veriusque
1628 3103 2007 3160 statuamus
2042 3119 2257 3180 neque
2329 3117 2448 3179 pro
2488 3087 2676 3176 ‚stellis

683 3177 1054 3244 errantibus
1111 3177 1507 3262 habeamus,
1581 3201 1750 3264 quae
1807 3203 1941 3245 non
2005 3190 2161 3252 sunt
2216 3189 2539 3260 errantes,
2588 3169 2675 3238 'sed

687 3273 868 3329 certo
927 3263 1164 3328 itinere
1224 3263 1611 3350 procedunt.
1719 3266 1895 3330 Nec·
1935 3289 2092 3331 vero
2170 3265 2499 3332 difficilem
2564 3279 2677 3324 esse

679 3346 908 3412 harum
969 3371 1182 3414 rerum
1242 3349 1725 3438 cognitionem,
1771 3351 1877 3415 vel
1923 3373 2005 3416 ex
2058 3375 2141 3417 eo
2180 3359 2489 3439 apparet,
2535 3340 2677 3430 quod
2755 3385 2757 3390 ·

679 3431 826 3515 ipse
883 3456 1032 3499 sero
1095 3434 1354 3500 demum
1413 3457 1539 3500 nec
1606 3449 1757 3500 ante
1812 3436 2089 3501 multum
2145 3446 2410 3520 tempus
2464 3434 2677 3498 illarum
2755 3457 2758 3526 ξ

679 3517 954 3581 scientia
1009 3519 1302 3584 imbutus
1357 3543 1501 3586 sum
1562 3523 1676 3608 (p.
1734 3522 1881 3588 820.
1943 3521 2025 3586 Ε.
2086 3557 2169 3570 --
2216 3526 2365 3588 822.
2426 3518 2562 3601 0.).
2614 3549 2676 3561 --
2755 3529 2758 3604 ξ

677 3599 814 3668 Sed
855 3600 1022 3668 haec
1067 3605 1386 3672 hactenus
1436 3606 1517 3673 de
1564 3607 1841 3694 puerilis
1874 3608 2307 3674 institutionis
2333 3602 2676 3672 rationibus,

671 3685 944 3752 Addere
1007 3712 1163 3753 vero
1207 3691 1312 3756 his
1398 3693 1609 3774 lacet,
1679 3691 1761 3757 de
1818 3695 2169 3758 venatione
2215 3693 2379 3779 quid
2424 3698 2676 3756 statuen-

673 3771 829 3838 dum
877 3774 982 3838 sit.
1075 3779 1297 3859 Atque
1341 3717 1451 3843 lile
1496 3799 1760 3862 quoque
1801 3779 1983 3844 valet
2026 3801 2254 3849 rursus
2298 3776 2475 3864 quod
2516 3780 2676 3838 antea

671 3857 746 3921 in
805 3859 1007 3924 simili
1068 3883 1308 3926 caussa
1365 3863 1845 3946 iudicavimus,
1906 3881 2043 3930 non
2100 3864 2322 3930 omnia
2376 3881 2564 3951 posse
2600 3857 2671 3920 le·

671 3943 866 4030 gibus
924 3945 1208 4031 publicis
1271 3947 1565 4029 definiri,
1646 3949 1765 4014 sed
1838 3972 1984 4016 esse
2042 3949 2327 4014 medium
2397 3940 2671 4033 quiddam

668 4029 842 4094 inter
894 4031 1074 4118 leges
1133 4042 1201 4097 et
1256 4032 1802 4118 admonitionem,
1866 4058 1997 4119 quo
2055 4036 2276 4122 legum
2330 4031 2517 4100 latori
2562 4047 2668 4091 non

457 4191 470 4205 Β
544 4134 602 4205 δξ
656 4129 816 4208 {raro
873 4116 1191 4182 utendum
1253 4119 1360 4182 sit.
1464 4119 1732 4184 Etenim
1795 4120 2058 4186 venatio
2090 4143 2305 4207 quum
2352 4121 2559 4205 pateat
2584 4111 2665 4174 Ja-

454 4197 956 4300 3‘;”{:“:fissime,
1005 4199 1539 4284 quandoquidem
1587 4227 1717 4269 non
1766 4206 1977 4272 solum
2038 4206 2457 4289 aquatilium,
2516 4197 2662 4265 vola·
