2857 4738
821 320 949 385 DE
1000 307 1436 389 LEGIBUS·
1465 339 1588 388 eto..
1940 324 2184 394 xc111

118 489 407 572 speciem
474 497 681 574 atque
744 489 1183 558 formam=iam
1224 492 1442 559 denuo
1489 497 1920 562 intuentibus.
2009 499 2223 586 Nam·
2319 542 2327 550 ·

118 597 319 658 quum
365 585 594 640 totum
640 595 813 659 opus
856 577 1120 641 omnino
1167 577 1432 661 quidem
1479 603 1600 645 sua
1644 581 1928 666 quadam
1975 587 2186 672 gratia

118 670 317 743 atque
365 671 728 726 venustate
775 661 1001 744 niteat,
1052 675 1279 727 tamen
1302 665 1503 732 habet
1543 669 1700 731 item
1747 670 1973 734 nescio
2019 671 2180 754 quid

118 746 390 831 operosi
436 755 507 810 et
558 746 748 830 quasi
791 748 1185 832 aerumnosi,
1232 751 1413 834 quod
1455 752 1653 816 alicui
1683 754 1898 819 minus
1923 756 2183 839 placeat

119 829 438 916 quodque
491 831 628 916 ipsi
685 831 984 899 ultimam
1043 833 1261 898 limam
1304 859 1436 900 non
1481 859 1626 904 esse
1670 838 2033 905 adhibitam
2079 865 2180 905 ar-

112 925 298 1005 guat.
392 915 598 998 Quod
646 916 837 1000 quale
880 918 991 1002 sit,
1038 918 1270 1004 paucis
1316 921 1710 988 indicavisse
1758 925 2062 990 sufficiet.

325 1001 571 1084 Itaque
662 1002 938 1089 primum
1041 1003 1303 1069 dicendi
1386 1031 1600 1094 genus
1692 1010 1806 1074 ubi
1915 1027 2173 1096 specta-

112 1109 287 1168 muS,
334 1097 443 1152 est
487 1086 656 1152 illud
700 1087 992 1171 quidem,
1038 1090 1241 1155 sicuti·
1277 1102 1473 1157 antea
1518 1095 1963 1179 ostendimus,
2024 1121 2178 1183 pru-

114 1173 355 1238 denter
414 1184 485 1237 et
557 1173 752 1238 rebus
828 1174 991 1258 ipsis
1070 1177 1312 1260 pariter
1386 1188 1584 1264 atque
1657 1181 2178 1264 colloquentium

116 1259 431 1344 personis
488 1257 977 1324 accommodate
1037 1260 1385 1345 delectum,
1437 1263 1970 1349 quandoquidem
2015 1269 2176 1334 mix-

118 1355 257 1410 tum
309 1344 509 1428 quasi
556 1360 625 1408 et
667 1343 1018 1410 conflatum
1067 1356 1171 1412 est
1213 1369 1297 1412 ex
1340 1353 1580 1434 genere
1625 1352 1942 1418 sermonis
1989 1355 2175 1418 tenui

119 1453 197 1494 ac
254 1429 567 1512 sublimi,
651 1429 757 1494 cui
825 1430 1155 1496 interdum
1217 1433 1427 1517 ¹etiam
1503 1435 1764 1502 accedit
1857 1437 2176 1520 quaedam

116 1515 447 1580 orationis
520 1514 942 1600 mediocritas
995 1517 1180 1582 vario
1228 1517 1596 1584 disserendi
1641 1531 2027 1608 argumento
2073 1534 2172 1588 at-

115 1610 507 1688 temperata.
614 1597 750 1666 Sed
808 1600 932 1666 hoc
993 1624 1197 1685 quum
1252 1603 1762 1702 prudentissime
1807 1607 1901 1671 ita
1943 1608 2031 1673 sit
2075 1609 2175 1673 in-

25 1689 27 1692 ’
115 1689 462 1768 stitutum,
528 1695 601 1750 ut
659 1685 847 1752 facile
910 1709 987 1752 ea
1030 1688 1096 1754 in
1144 1699 1397 1754 ratione
1442 1713 1767 1776 agnoscas
1813 1695 2175 1778 perfectum
2253 1731 2260 1734 ·

115 1771 387 1838 dicendi
448 1771 804 1854 artificem,
862 1781 1079 1837 tamen
1124 1774 1424 1840 orationi
1453 1777 1734 1842 subinde
1777 1777 1941 1842 adeo
1988 1778 2176 1845 deest

116 1858 541 1922 concinnitas
600 1872 666 1920 et
723 1857 1192 1942 aequabilitaS,
1254 1870 1329 1923 ut
1390 1861 1586 1926 etiam
1635 1864 1706 1927 in
1749 1863 1967 1929 vicina
2010 1865 2174 1930 vitia

118 1943 505 2030 degeneret.
614 1942 783 2006 Nam
840 1944 1231 2030 simplicitas
1266 1944 1621 2012 interdum
1691 1948 1832 2015 abit
1909 1950 1975 2014 in
2034 1950 2170 2016 mo-

116 2030 349 2094 lestam
411 2027 745 2111 quandam
805 2029 1199 2113 exilitatem,
1262 2040 1337 2095 ut
1379 2055 1510 2098 non
1555 2033 1750 2098 modo
1797 2057 1900 2100 res
1943 2035 2170 2122 vulga-

118 2137 227 2179 res
280 2115 682 2197 minimeque
744 2114 1123 2179 reconditae
1166 2117 1499 2200 copiosius
1545 2119 1988 2204 explicentur,
2039 2143 2170 2204 quo

120 2198 203 2262 de
264 2222 511 2286 genere
570 2221 772 2284 supra
829 2197 991 2286 Cap.
1039 2201 1195 2266 XV.
1245 2204 1421 2271 Sect.
1469 2205 1591 2269 IV.
1640 2205 1956 2269 nonnulla
1997 2205 2171 2270 attuss

118 2284 351 2366 limuS,
398 2307 624 2348 verum
670 2285 867 2350 etiam
918 2287 1213 2352 oratione
1259 2287 1444 2352 arida
1487 2288 1678 2352 nimis
1711 2299 1906 2374 atque
1950 2290 2171 2354 ieiuna

120 2379 649 2455 pertractentur,
713 2369 781 2436 id
846 2372 1024 2456 quod
1073 2372 1434 2438 de‘iisdem
1478 2374 1608 2439 illis
1654 2375 1815 2440 locis
1860 2376 1954 2439 ita
1997 2375 2170 2443 iudi-

121 2453 413 2521 candum
458 2467 586 2540 est,
635 2480 802 2541 quos
851 2458 1047 2522 simili
1093 2460 1161 2522 in
1208 2482 1468 2543 caussa,
1517 2460 1628 2525 ubi
1675 2458 1756 2524 de
1804 2460 2168 2527 dialecticis

124 2540 669 2626 explicavimus,‘
708 2542 1037 2609 notandos
1084 2542 1410 2613 duximus.
1502 2545 2010 2633 Magnificentia
2055 2570 2168 2613 au·-

117 2639 249 2691 tem
309 2649 392 2691 ac
448 2628 819 2693 sublimitas
878 2628 1235 2712 orationis,
1300 2632 1560 2696 etiamsi
1618 2633 1961 2697 maximam
2018 2657 2168 2719 par-

116 2724 247 2777 tem
294 2712 498 2798 plane
546 2714 781 2777 eximia
824 2713 915 2777 sit
955 2726 1154 2799 atque
1202 2719 1379 2781 omni
1424 2717 1619 2781 laude
1660 2716 1900 2804 digna,
1949 2730 2169 2785 tamen

116 2797 403 2862 subinde
448 2796 751 2863 nonnihil
791 2800 994 2865 traxit
1049 2798 1335 2865 affectati
1396 2812 1596 2885 atque
1654 2804 1926 2886 tumidi,
1992 2804 2168 2890 quod

118 2883 385 2949 nativae
450 2884 816 2970 elegantiae
876 2895 978 2951 est
1035 2884 1502 2951 adversarium.
1614 2887 1946 2969 Quorsum
2020 2913 2169 2976 per-

117 2970 285 3034 tinet
342 2968 667 3055 imprimis
735 2970 931 3035 nimia
1001 2971 1193 3057 copia
1237 2984 1299 3035 et
1372 2973 1743 3057 frequentia
1815 2975 2169 3039 inusitatae

120 3052 439 3119 dictionis
530 3055 767 3140 partim
852 3057 918 3119 in
1006 3058 1456 3143 superioribus
1548 3059 1869 3143 exposita.
1993 3059 2168 3121 Nam

120 3140 381 3205 etiamsi
451 3140 750 3227 singula,
798 3163 965 3224 quae
1012 3163 1089 3205 eo
1134 3143 1544 3225 referuntur,
1592 3166 1709 3227 per
1753 3164 1824 3207 se
1869 3151 2168 3225 spectata

118 3224 283 3290 vitio
344 3236 575 3290 carent
631 3235 842 3309 ne‘que
902 3246 1058 3291 sunt
1130 3227 1566 3313 inelegantia,
1643 3237 1857 3291 tamen
1939 3227 2170 3291 crebra

116 3334 349 3375 eorum
393 3311 705 3394 repetitio
765 3309 1047 3396 denique
1088 3310 1465 3399 legentibus
1509 3310 1878 3377 satietatem
1928 3333 2002 3377 ac
2029 3322 2167 3377 tae-

118 3394 297 3465 dium
364 3394 600 3461 afferat
656 3416 927 3461 necesse
978 3405 1121 3479 est,
1181 3396 1550 3463 cuiusmodi
1596 3396 1966 3463 satietatem
2014 3420 2170 3463 vera

116 3492 183 3545 et
238 3502 559 3568 germana
612 3481 929 3546 orationis
986 3480 1195 3547 virtus
1258 3482 1532 3568 gignere
1593 3505 1924 3566 nunquam
1974 3484 2166 3549 solet.

116 3567 275 3633 Huc
319 3564 621 3648 accedit,
693 3565 872 3650 quod
930 3566 1211 3632 subinde
1277 3588 1381 3631 res
1444 3577 1561 3632 aut
1604 3590 1736 3631 non
1785 3567 1869 3632 ad
1913 3568 2168 3654 perspi-

118 3653 435 3717 cuitatem
498 3672 711 3735 usque
769 3649 1217 3736 explicantur,
1280 3662 1395 3717 aut
1452 3653 1720 3717 nimium
1782 3652 2164 3732 dilatantur,

118 3736 663 3821 quandoquidem
710 3736 1017 3801 subtilior
1060 3760 1283 3803 earum
1330 3736 1746 3803 desideratur
1788 3739 2166 3823 explicatio,

116 3821 187 3885 id
248 3822 433 3907 quod
496 3823 627 3886 iam
686 3843 891 3909 supra
960 3820 1125 3907 Cap.
1202 3822 1361 3888 XV.
1437 3821 1614 3889 Sect.
1693 3824 1817 3890 IV.
1879 3833 1944 3886 et
2003 3822 2165 3906 Cap.

118 3908 315 3973 XVI.
382 3907 565 3975 Sect.
634 3905 765 3971 III.
825 3916 894 3971 et
950 3906 1073 3973 IV.
1146 3906 1756 3974 demonstravimus.
1861 3908 1966 3971 Ex
2035 3927 2167 3989 quo

119 4013 541 4078 consequens
606 4002 744 4074 est,
807 4002 883 4055 ut
940 3993 1137 4057 etiam
1183 3994 1393 4058 oratio
1435 3993 1718 4059 subinde
1763 3990 2168 4057 obscuritate

120 4077 425 4162 laboret,
480 4076 1023 4163 quandoquidem
1092 4078 1287 4143 huius
1352 4078 1576 4162 ipsius.
1607 4080 1768 4143 -fons
1826 4075 2169 4161 primarius

124 4185 246 4229 non
304 4176 440 4231 tam
502 4164 575 4227 in
622 4163 901 4248 singulis
950 4163 1167 4227 verbis
1212 4174 1281 4227 et
1342 4163 1606 4229 dicendi
1669 4162 1895 4225 formis
1941 4171 2052 4241 aut
2099 4162 2167 4227 in
