2857 4738
899 344 1156 412 LIBRI
1221 346 1530 413 SEXTI.
2112 358 2219 421 101

165 512 362 577 docet
409 515 800 581 cautissime
845 517 911 580 in
961 516 1280 617 obsequio
1329 540 1475 583 esse
1524 520 1993 604 continend08‚
2039 521 2221 587 ideo-

165 619 290 682 que
337 620 466 665 nec
513 601 992 665 contumeliose
1041 611 1108 665 et
1151 602 1402 667 iniuste
1451 626 1571 669 nec
1617 606 1807 670 nimis
1853 606 2223 672 humaniter

167 693 232 747 et
291 684 508 749 amice
573 688 848 750 tractari
910 692 1214 773 oportere
1276 692 1372 773 (p.
1446 691 1587 753 776.
1626 690 1714 755 'B.
1762 728 1841 738 —-
1890 694 2033 755 778.
2081 692 2219 775 Α.).

167 767 384 832 Addit,
437 769 637 835 etiarn
715 770 1034 857 quaedam
1109 769 1190 835 de
1249 772 1613 841 condendis
1691 775 2221 861 instruendisque

165 853 738 939 habitationibus,
801 856 1200 941 omninoque
1261 858 1341 923 de
1405 858 1687 945 publicis
1735 862 1975 947 pariter
2022 874 2220 947 atque

159 940 449 1023 privatis
513 940 872 1027 aedificiis,
916 942 1010 1008 ita
1067 951 1328 1026 tamen,
1393 954 1465 1008 ut
1520 948 1665 1031 ipse
1710 959 2008 1029 moneat,
2058 948 2218 1013 haec

163 1046 284 1109 per
329 1024 708 1091 liberiorem
755 1028 1075 1110 sermonis
1137 1050 1399 1094 cursum
1450 1029 1554 1095 hic
1600 1032 1953 1119 interponi,
2001 1032 2225 1117 aptius'

161 1111 455 1175 fortasse
501 1110 662 1178 alias
709 1112 1017 1200 habitura
1059 1113 1276 1179 locum
1339 1116 1433 1201 (p.
1485 1117 1625 1181 778.
1676 1120 2023 1183 A.--779.
2081 1120 2215 1202 D.).

161 1194 293 1260 His
351 1198 674 1281 expositis
751 1198 1036 1283 denique
1111 1222 1320 1264 sermo
1396 1202 1751 1265 revertitur
1830 1226 2055 1269 rursus
2138 1202 2218 1267 ad

163 1282 626 1369 coniugia,
691 1282 772 1347 de
836 1286 1076 1367 quibus
1135 1294 1355 1349 orator
1401 1286 1499 1349 sic
1546 1286 1681 1351 fere
1730 1292 1947 1373 pergit
1993 1288 2218 1372 dispu-

159 1378 326 1432 tare.
421 1366 751 1433 Ponamus
779 1371 1006 1456 igitur,
1056 1369 1294 1453 inquit,
1343 1372 1609 1455 nuptias
1646 1394 1788 1437 esse
1824 1384 2214 1439 contractas.

163 1450 507 1533 Quocirca
551 1476 724 1517 nunc
773 1453 1218 1520 definiendum
1268 1464 1409 1539 est,
1464 1480 1819 1539 quonam
1869 1458 1942 1521 vi
1972 1459 2220 1523 vendi

161 1560 490 1625 genere
574 1540 823 1616 novis
917 1539 1443 1627 coniugibus
1518 1541 1832 1606 utendum
1912 1543 2014 1607 sit.
2114 1544 2215 1608 De

155 1644 299 1707 qua
363 1646 432 1686 re
492 1645 661 1707 quae
727 1624 1191 1713 praecipienda
1251 1637 1427 1708 sunt,
1476 1626 2053 1703 eat-difficultatem
2102 1628 2249 1699 ha-.

157 1710 324 1772 bent
387 1708 566 1796 haud
610 1730 770 1774 sane
817 1710 1145 1797 exiguam,
1193 1720 1544 1797 propterea
1584 1712 1761 1796 quod
1809 1712 2214 1797 aliquantum

157 1816 202 1857 a
256 1793 523 1880 vulgari
581 1794 916 1860 hominum
976 1795 1284 1882 opinione
1321 1805 1410 1860 ‘et
1455 1796 1930 1863 consuetudine
1980 1799 2215 1865 abhor-

159 1888 336 1943 rent.
428 1878 606 1943 Nam
669 1880 777 1944 vul
831 1903 870 1944 o
913 1890 1092 1945 certe
1139 1881 1549 1965 existimant,
1612 1881 1695 1947 de
1756 1884 2022 1969 publica
2068 1883 2214 1968 qui-

157 1964 314 2028 dem
361 1965 500 2027 vita
541 1964 730 2049 leges
823 1967 917 2029 ari
964 1988 1201 2051 posse,
1249 1965 1330 2031 de
1375 1966 1635 2052 privata
1678 1968 1817 2033 vita
1859 1992 1995 2034 non
2034 1968 2210 2036 item.

163 2050 274 2115 Ab
341 2049 470 2113 hoc
529 2049 736 2137 igitur
789 2051 1038 2115 iudicio
1083 2047 1469 2137 longissime
1514 2052 1987 2121 discedendum
2032 2055 2213 2120 vide-

161 2145 295 2199 tur.
401 2136 752 2200 Praeterea
810 2159 966 2202 vero
1027 2158 1196 2220 quae
1274 2140 1467 2201 >novis
1552 2138 1950 2224 coniugibus
2022 2162 2213 2223 prae-

163 2219 516 2284 scribenda
561 2220 894 2305 videntur,
941 2245 1020 2285 ea
1066 2227 1114 2285 a‘
1135 2224 1426 2287 moribus
1472 2232 1538 2285 et
1572 2222 1893 2287 institutis
1938 2224 2212 2287 aliarum

167 2305 506 2371 civitatum
575 2308 862 2376 multum
891 2307 1293 2394 discrepant.
1383 2306 1560 2372 Nam
1623 2306 1903 2393 primum
1948 2306 2213 2392 quidem

167 2412 400 2456 omnes
441 2391 736 2458 volumus
783 2395 980 2459 etiam
1033 2403 1188 2482 post
1230 2393 1493 2479 nuptias
1554 2393 1870 2476 interesse
1920 2415 2210 2458 commu—

71 2496 80 2504 ·
167 2476 368 2540 nibus
431 2479 749 2544 conviviis
809 2479 1245 2563 (συσσιτίοις).
1330 2477 1567 2558 thiod
1626 2477 1751 2543 etsi
1822 2479 2035 2564 primo
2095 2478 2209 2542 ad—

163 2571 400 2649 spectu
461 2564 790 2648 insolenS,
847 2565 978 2628 imo
1014 2563 1235 2628 'etiam
1300 2563 1581 2638 maxima
1626 2585 1772 2628 cum
1820 2564 2210 2629 difficultate

159 2649 626 2732 coniunctum,
677 2649 1016 2730 videatur,
1062 2661 1279 2713 tamen
1324 2671 1553 2713 revera
1588 2648 1738 2715 fieri
1784 2672 1978 2736 posse
2024 2650 2209 2714 lucu-

159 2735 340 2798 lente
421 2733 620 2798 docet
691 2734 1058 2820 exemplum
1141 2735 1619 2820 Spartanorum
1646 2783 1664 2815 ‚
1741 2736 1853 2821 qui
1926 2736 2207 2820 publicis

159 2829 612 2883 assueverunt·
659 2821 1000 2885 conviviis.
1089 2821 1225 2886 Sed
1273 2821 1479 2884 multo
1526 2820 1915 2886 insolentius
1962 2845 2039 2886 ac
2084 2821 2209 2885 dif-

157 2904 406 2970 ficilius
467 2903 868 2988 aliud”quid
927 2909 1104 2988 ests
1144 2903 1326 2989 quod
1383 2906 1452 2968 in
1513 2905 1781 2970 civitate
1840 2915 2065 2969 nostra
2108 2902 2210 2971 in-

155 2989 576 3054 stituendum
637 2992 1048 3056 arbitramur.
1155 2991 1325 3063 Nam
1407 2992 1601 3054 etiam
1649 2990 1953 3054 mulieres
2011 2991 2207 3053 inter-

161 3097 308 3139 esse
367 3076 672 3140 volumus
750 3076 1070 3141 conviviis
1133 3077 1627 3156 communibuS,
1686 3068 1757 3164 id
1816 3073 1994 3157 quod
2051 3095 2207 3137 nus-

159 3183 360 3245 quam
405 3171 724 3225 terrarum
771 3163 863 3224 ita
902 3160 1048 3225 fieri
1093 3162 1412 3226 novimus.
1504 3164 1598 3224 At
1642 3158 1813 3222 enim
1860 3180 2018 3222 vero
2061 3155 2207 3242 plu·—

153 3244 398 3310 timum
459 3268 618 3310 sane
667 3246 790 3312 hac
835 3248 904 3310 in
945 3254 1132 3331 parte
1179 3247 1384 3332 vulgo
1421 3243 1684 3328 peccari
1732 3243 1937 3326 solet,
2000 3265 2207 3327 quan·-

157 3329 523 3414 doquidcm
615 3354 652 3394 a
738 3333 958 3418 legum
1053 3329 1512 3396 conditoribus
1600 3329 1739 3392 vita
1821 3327 2208 3396 feminarum

205 3416 551 3502 letumque
596 3418 976 3504 negligitur,
1023 3417 1160 3481 vita
1203 3417 1492 3480 virorum
1537 3414 1731 3478 unice
1776 3436 1879 3478 res
1932 3423 2204 3480 ectatur.
2242 3474 2253 3484 „

155 3441 417 3566 §ostro
482 3512 704 3566 tamen
759 3499 1006 3566 iudie'io
1053 3502 1404 3588 plurimum
1452 3499 1651 3562 refert
1698 3497 1780 3562 ad
1827 3500 2206 3569 seicitatem

153 3585 530 3673 publicam,
601 3601 677 3652 ut
733 3587 1110 3653 mulieribus
1183 3586 1433 3672 pariter
1521 3592 1723 3669 atque
1796 3587 1955 3651 viris
2023 3587 2206 3674 leges

149 3671 574 3756 scribantur,
637 3673 721 3737 ad
774 3697 937 3759 quas
995 3671 1257 3738 virendi
1319 3669 1639 3734 rationem
1686 3693 1870 3736 suam
1916 3671 2207 3758 dirigant

149 3774 225 3824 et
281 3768 710 3846 componant.
801 3761 997 3824 Nunc
1057 3781 1214 3823 vero
1259 3778 1400 3822 mos
1445 3755 1759 3820 latissime
1805 3766 2205 3844 pervagatus

143 3846 290 3911 fere
335 3846 436 3910 ita
477 3845 651 3925 fert,
712 3853 787 3908 ut
841 3844 1147 3908 mulieres
1208 3867 1245 3906 a
1311 3840 1579 3928 publica
1649 3841 1795 3907 luce
1842 3842 2092 3906 alienae
2135 3841 2201 3904 in

145 3933 441 4009 occulto·
469 3931 673 3994 vitam
720 3928 984 4016 degant.
1077 3927 1212 3994 Sed
1241 3925 1528 3993 dubitari
1574 3935 1751 3990 certe
1782 3929 1927 3992 non⁴
1956 3935 2226 4011 potest,-

146 4019 312 4104 quin
357 4014 529 4081 illud
575 4015 836 4098 ipsum,
898 4013 1075 4098 quod
1121 4035 1242 4077 nos
1291 4013 1593 4082 volumus
1637 4010 1901 4096 publice
1944 4009 2199 4102 institui

147 4114 216 4170 et
242 4103 520 4190 legibus
552 4100 816 4182 sanciri,
845 4099 932 4163 ad
967 4099 1374 4164 honestat-em
1405 4119 1484 4160 ac
1520 4095 1820 4160 decorem
1846 4093 2200 4193 plurimum

145 4190 378 4276 possit.
487 4186 590 4250 De
637 4205 768 4270 qua
811 4208 902 4267 re,
947 4183 1259 4267 quoniam
1305 4203 1530 4250 sumus
1578 4179 1796 4278 otiosi,
1842 4187 1937 4243 ita
1976 4179 2200 4246 licebit
