2857 4738
822 309 949 372 DE
996 308 1413 376 LEGIBUS
1463 321 1594 378 etc.
1835 313 2255 380 LXXXVII

180 479 445 565 singula
504 477 593 543 ad
643 480 946 544 minutae
1001 479 1385 567 diligentiae
1431 482 1783 574 rationem,
1845 485 2124 566 quaein
2171 507 2248 550 eo

184 567 515 646 cernitur,
578 573 657 630 ut
716 567 937 630 omnia
993 588 1188 649 quam
1243 567 1739 638 accuratissime
1785 567 1870 630 ad
1911 568 2244 654 legitimae

182 649 503 735 loquendi
564 649 1063 732 consuetudinis
1122 673 1415 716 normam
1447 657 1858 738 ‘comparata
1917 654 2066 720 sint.
2155 653 2250 720 At

180 737 349 801 enim
416 758 580 800 vero
654 747 951 801 veterum
1012 735 1275 820 quidem
1352 738 1482 801 scri
1533 747 1750 802 torum
1825 741 2246 823 praestantis-

184 822 367 903 simi,
462 820 981 901 Demosthenes,
1056 822 1339 908 Luysias,
1418 823 1476 886 T
1521 822 1884 910 ucydides,
1961 824 2246 909 itemque

182 904 717 992 poetae-tragici,-
742 906 997 987 comici,
1028 907 1161 988 alii,
1184 915 1440 972 tantum
1471 909 1657 974 abest
1679 919 1756 973 ut·
1775 911 1923 974 cuin
1956 911 2258 980 Isocrate·

182 1015 258 1058 ac
288 992 633 1058 similibus
679 991 913 1056 orandi
956 992 1323 1058 artificibus
1368 994 1566 1058 istam
1597 993 2008 1082 diligentiam
2055 999 2245 1062 unice

179 1075 711 1144 consectandam
746 1077 1219 1151 iudicaverint,
1266 1093 1341 1142 ut
1386 1077 1582 1142 etiam
1631 1079 1714 1144 de
1759 1070 2086 1146 industria
2133 1105 2244 1147 νο·-

181 1164 439 1228 luerint
484 1183 631 1227 esse
676 1163 1184 1249 negligentiores
1228 1164 1334 1226 vel
1365 1165 1591 1248 potius
1623 1165 1984 1232 liberiores.
2081 1166 2247 1234 Sen-

180 1259 425 1314 serunt
452 1247 627 1313 enirn
655 1247 953 1312 homines
984 1248 1476 1335 sapientissimi,
1523 1251 1996 1344 negligentiam
2027 1252 2242 1332 istam,

184 1357 355 1418 quae
412 1331 775 1415 videretur,
838 1345 1165 1415 quatenus
1226 1356 1375 1398 cum
1437 1346 1616 1398 recta
1661 1337 2099 1422 cogitatorum
2148 1350 2246 1400 at-

184 1441 312 1504 que
378 1439 726 1488 sensorum
784 1419 1039 1500 ratione
1074 1421 1268 1484 'bene
1325 1421 1753 1500 consisteret,
1814 1443 2042 1487 revera
2101 1418 2294 1506 pul3”

182 1528 371 1573 crum
422 1501 735 1586 quiddam
784 1522 927 1582 esse
975 1513 1169 1586 atque
1216 1503 1506 1590 elegans,
1544 1503 2083 1588 quandoquidem
2121 1529 2253 1570 non

182 1589 387 1657 modo
436 1593 729 1652 variaret
774 1599 843 1664 et
888 1591 1079 1674 quasi
1130 1598 1534 1674 temperaret
1559 1589 1892 1658 ‘orationis
1938 1600 2249 1659 venusta-

116 1755 122 1762 ,
184 1685 367 1757 tem,
432 1697 659 1738 verum
704 1673 903 1740 etiam
949 1675 1273 1740 variorum
1320 1695 1668 1756 sensuum,
1715 1674 2136 1740 affectionum
2184 1689 2250 1740 et

184 1760 675 1826 sententiarum
734 1760 1143 1846 expressioni
1212 1760 1568 1826 artificiose
1641 1759 1968 1844 regendae
2048 1771 2246 1845 atque

187 1843 639 1912 moderandae
696 1845 963 1931 egregie
1010 1845 1387 1910 inserviret.
1500 1845 1833 1928 Quocirca
1894 1869 2016 1910 nec
2055 1847 2244 1912 Plato

189 1933 257 1996 in
313 1931 619 2018 Legibus
680 1930 804 1995 hac
857 1931 1130 1995 licentia
1198 1929 1464 1996 dicendi
1525 1932 1878 2014 abstinuit,
1943 1930 2246 2016 adeoque

190 2041 271 2082 ea
314 2016 387 2080 in
435 2017 537 2080 his
581 2015 767 2080 libris
812 2023 947 2079 tam
991 2038 1195 2100 saepe
1240 2015 1402 2082 u‘sus
1449 2027 1592 2099 est,
1655 2027 1728 2082 ut
1778 2019 1846 2081 in
1891 2017 2068 2082 nullo
2117 2017 2246 2082 alio

196 2124 399 2187 opere
442 2101 675 2188 magis.
734 2101 1094 2166 Enimvero
1121 2123 1379 2183 caussa,
1412 2105 1834 2186 quamobrem
1865 2104 1960 2166 ita
1993 2103 2244 2184 fecerit,

196 2187 465 2252 minime
526 2196 631 2250 est
690 2187 1015 2267 obscura,
1074 2196 1428 2272 potestque
1487 2188 1794 2252 facillime
1849 2189 2086 2253 coniici
2167 2210 2247 2253 ex

200 2274 308 2355 iis,
355 2294 531 2354 quae
574 2295 777 2356 supra
820 2295 859 2336 a
904 2271 1095 2336 nobis
1140 2272 1494 2356 explanata
1538 2283 1712 2339 sunt..
1795 2271 2250 2356 Quippe-imi-

203 2355 409 2423 tando
466 2357 789 2446 expressit
840 2359 975 2423 fere
1034 2380 1397 2424 sermonem
1457 2379 1638 2437 eum,
1672 2357 1812 2440 ,qui
1870 2380 2002 2420 non
2051 2355 2246 2421 modo

254 2443 541 2529 opularis
598 2442 719 2509 sed
783 2445 977 2509 etiam
1041 2442 1271 2507 senilis
1331 2440 1687 2505 videretur.
1778 2440 1978 2507 Unde
2021 2442 2246 2507 multis

206 2467 369 2597 locis
428 2528 731 2610 admisit,
793 2528 1355 2613 quaefamiliaris
1416 2528 1736 2592 sermonis
1779 2526 2248 2614 negligentiam

204 2618 555 2696 referrent,
616 2613 822 2699 idque·
867 2614 1150 2679 sortasse
1196 2614 1391 2678 etiam
1438 2611 1586 2677 ideo
1631 2613 1824 2693 fecit,
1887 2612 2068 2697 quod
2111 2612 2248 2677 Cli-

202 2696 373 2767 niam
420 2709 489 2765 et
528 2700 915 2787 Megillu'm,
990 2700 1055 2763 in
1115 2698 1500 2765 disserendo
1559 2694 1774 2775 miuus
1827 2698 2248 2781 exercitatoS,

200 2812 347 2853 cum
397 2785 658 2869 bospite
702 2784 1097 2850 Atheniensi
1144 2784 1593 2868 colloquentes
1637 2784 2023 2849 introduxit.
2115 2782 2253 2850 Sed

246 2896 403 2939 uum
486 2872 650 2935 baec
712 2870 1034 2935 sermonis
1104 2870 1509 2958 negligentia
1579 2872 1828 2955 optime
1903 2872 2253 2935 conveniat

198 2896 641 3044 disputationi
698 2955 1011 3021 sedatiori
1060 2965 1127 3017 et
1168 2954 1639 3039 tranquilliori,
1705 2955 1920 3039 qualis
1969 2956 2248 3039 plerum*

200 3066 331 3127 que
392 3051 535 3124 est,
591 3050 734 3105 tum
792 3040 1020 3107 eadem
1068 3040 1263 3105 etiam
1308 3040 1852 3107 artificiosissime
1899 3041 2262 3119 coniuncta⁴

199 3138 304 3195 est
358 3127 729 3193 sublimiori
791 3136 991 3210 atque
1054 3126 1341 3211 graviori
1379 3124 1664 3190 ,dicendi
1704 3124 1972 3211 generi„
2076 3123 2250 3187 Nam

196 3224 305 3281 est
344 3213 477 3279 hoc
518 3213 647 3298 ipsi
704 3210 1341 3277 naturaehumanae
1404 3210 1954 3288 consentaneum,
2015 3218 2090 3271 ut
2137 3210 2252 3293 qui

200 3322 591 3380 magnarum
648 3320 863 3361 rerum
922 3297 1325 3381 cogitatione
1384 3295 1616 3382 repleti
1681 3304 1838 3359 sunt
1893 3302 2094 3377 atque
2139 3318 2253 3383 ge-

202 3384 545 3449 nerosiore
588 3383 813 3466 aliquo
858 3392 975 3446 aut
1016 3382 1249 3445 altiore
1296 3404 1495 3446 sensu
1541 3380 1760 3445 affecti
1807 3388 1873 3443 et
1915 3380 2250 3460 concitati,

202 3472 247 3535 ii
306 3470 515 3535 missa
574 3490 787 3533 rerum
848 3468 1238 3537 minutarum
1295 3490 1454 3530 cura
1511 3467 1764 3530 fervore
1809 3466 2094 3550 pectoris
2141 3466 2253 3530 ab·-

156 3555 380 3641 'repti
449 3576 647 3619 sensa
720 3562 785 3617 et
856 3552 1149 3637 cogitata
1220 3574 1363 3617 sua.
1417 3551 1684 3615 liberius
1761 3552 2253 3637 proloquantur.

204 3644 431 3723 Atque
493 3647 595 3703 est
639 3638 803 3703 haec
846 3639 1047 3716 rati0,
1090 3638 1161 3701 'si
1210 3658 1436 3699 verum
1483 3635 1671 3700 fateri
1719 3638 2057 3721 volumus,
2107 3658 2254 3722 pro·

202 3730 383 3791 tecto
430 3724 611 3806 talis,
661 3746 795 3807 qua
838 3721 1180 3807 gravitatis
1228 3731 1295 3805 et
1338 3722 1758 3787 sublimitatis
1818 3725 1918 3788 vis
1971 3745 2098 3788 non
2145 3722 2255 3785 de-

204 3810 507 3875 bilitetur
578 3818 695 3873 aut
752 3811 1116 3895 frangatur,
1193 3807 1311 3872 sed
1378 3830 1608 3871 revera
1681 3802 2258 3895 augeatu?atque.

202 3896 663 3983 amplificetur.
768 3893 1035 3978 Quip'pe
1086 3894 1255 3975 ’ipsa
1316 3892 1478 3957 haec
1549 3892 1902 3957 insolentia
1967 3893 2257 3977 legentes

202 3994 523 4067 tanquam
590 3980 767 4045 ultro
828 3978 1361 4058 commonefacit,
1426 3978 1585 4041 nibil
1651 3979 1921 4063 vulgare
1966 3985 2081 4039 aut
2125 3978 2258 4040 usi-

200 4079 409 4134 tatum
456 4088 649 4146 esse,
685 4064 863 4148 quod
912 4087 1087 4128 nunc
1130 4064 1341 4146 ipsum
1392 4062 1668 4139 dicatur,
1717 4061 1834 4127 sed
1863 4063 2084 4143 potius
2131 4062 2258 4128 tale
