2857 4738
611 287 788 352 VIII
1271 285 2003 356 PROLEGOMENA

608 455 928 524 rimandis
995 455 1124 520 illis
1179 458 1657 542 subsistamus,
1708 481 1879 542 quae
1928 463 2241 518 nontam
2296 475 2413 536 pro
2456 452 2659 522 vitio·

609 542 712 642 sis·
746 563 946 642 quam
991 564 1110 626 pro
1155 541 1591 610 insolentibus
1636 557 1705 610 et
1727 540 2056 644 inusitatis
2102 537 2407 606 habenda
2450 537 2658 604 fuisse

610 637 1080 696 existimamus,
1119 671 1125 678 ι
2322 659 2330 662 -

1490 892 1774 902 —-—-—---———

1099 1147 1284 1282 Cap,
1349 1163 1511 1256 XV.
1604 1161 2008 1284 <segmen
2071 1163 2163 1255 ΙΙ.

609 1373 723 1430 lle
781 1374 1270 1444 simplicitate
1331 1375 1649 1432 rationis
1716 1373 2136 1432 disserendi
2200 1357 2274 1426 in
2331 1371 2661 1442 tegibus

674 1464 680 1470 ‘
1010 1461 1374 1538 usurpata
1407 1461 1591 1531 qum
1628 1463 2092 1518 sentiendum
2127 1459 2254 1514 sit.

779 1639 1017 1724 Itaque
1072 1641 1350 1726 primum
1413 1639 1679 1724 quidem
1734 1661 2093 1726 memorare
2150 1639 2405 1723 placet,
2444 1637 2660 1723 -quod

608 1725 805 1790 tertio
866 1725 1014 1790 loco
1077 1727 1446 1810 posuimus.
1508 1725 1913 1809 ·Con‚questi
1974 1725 2147 1788 enim
2202 1738 2360 1790 sunt
2436 1723 2657 1790 critici

607 1809 709 1874 de‘
750 1811 1020 1876 insolita
1085 1810 1372 1895 quadam
1430 1811 1797 1896 sapientiae
1859 1810 1960 1874 vel
2006 1811 2228 1895 potius
2257 1808 2655 1894 prudentiae

606 1906 672 1959 ct
719 1895 1030 1980 ‘iustitiae'
1081 1895 1437 1962 tradendae
1502 1895 1955 1982 simplicitate,
2031 1917 2201 1978 quae
2258 1897 2329 1958 in
2386 1895 2653 1983 Legum

607 1980 792 2044 libris
856 1980 1252 2054 dominetur,
1355 1981 1565 2048 Cuius
1618 1980 1882 2066 quidem
1930 2003 2206 2048 caussae
2251 1989 2317 2046 et
2358 1980 2653 2048 rationes

607 2063 1118 2151 haudquaquam
1157 2070 1226 2132 in
1272 2067 1559 2132 obscuro
1601 2067 1829 2134 latent.
1918 2065 2181 2140 Etenim
2217 2064 2649 2151 philosophus

603 2152 672 2216 in
737 2151 1143 2238 explicandis
1208 2151 1403 2218 rebus
1467 2153 1661 2240 plane
1720 2151 2149 2252 popularibus
2208 2160 2275 2216 et
2326 2149 2415 2220 ad
2466 2152 2649 2218 vitae

607 2256 800 2302 usum
867 2237 1354 2323 pertinentibus
1421 2238 1937 2325 ⁸prudentissime
2008 2238 2317 2324 profecto,
2387 2234 2651 2302 videtur

605 2321 804 2390 etiam
825 2321 1168 2409 ‚populari
1226 2323 1613 2412 disputandi
1652 2346 1922 2413 genere
1985 2345 2144 2391 usus
2204 2343 2387 2407 esse,
2465 2321 2648 2407 quod

536 2486 546 2491 ¹
605 2432 740 2473 non
796 2420 1138 2495 superaret
1191 2419 1414 2476 eoru'm
1460 2411 1797 2484 hominum
1842 2420 2143 2495 captum,
2202 2408 2315 2495 qui
2374 2432 2507 2473 non
2546 2410 2647 2473 in-

604 2494 848 2571 teriora
891 2492 1352 2579 philosophiae
1381 2496 1744 2581 penetralia
1784 2496 2064 2581 ingressi
2109 2504 2353 2561 essent.
2442 2492 2648 2577 Quod

605 2600 740 2663 quo
795 2576 938 2643 iure
983 2578 1078 2641 ita
1135 2588 1539 2662 statuamUS,
1598 2597 1753 2665 post
1795 2603 1907 2663 ea,
1956 2601 2127 2662 quae
2172 2600 2377 2665 supra
2418 2579 2501 2645 de
2544 2602 2649 2644 ar-

651 2672 918 2727 umento
977 2660 1581 2747 horum-librorum
1640 2664 2145 2751 explicavimuS,
2210 2687 2343 2746 non
2388 2664 2649 2731 videtur
2733 2666 2737 2669 ⁴

604 2688 806 2833 {riga
897 2748 1194 2835 indigere
1280 2748 1860 2820 demonstratione.
1994 2750 2263 2817 Etenim
2348 2749 2650 2817 condidit

607 2834 798 2900 Plato
845 2834 912 2897 in
957 2834 1216 2921 Legum
1245 2857 1477 2919 .0pere
1536 2837 1869 2912 civitatem
1918 2836 2003 2901 ad
2047 2836 2254 2921 ipsius
2304 2836 2479 2900 vitae
2522 2834 2647 2903 hu-

604 2940 835 2983 manae
868 2919 1208 2985 veritatem
1243 2942 1439 3003 quam
1467 2922 1745 2997 maxime
1774 2933 2239 3008 comparatam,
2271 2922 2364 2985 ita
2399 2931 2659 3007 tamen,

603 3012 676 3069 ut
719 3002 992 3070 eandem
1037 3005 1236 3070 vellet
1279 3006 1435 3071 item
1483 3030 1625 3073 esse
1667 3008 2005 3093 optimam,
2052 3029 2221 3091 quae
2266 3029 2383 3091 pro
2428 3030 2647 3073 rerum

603 3088 1030 3155 humanarum
1062 3092 1328 3155 fortuna
1379 3104 1446 3157 et
1486 3091 1863 3161 conditione
1895 3108 2121 3179 posset
2164 3094 2483 3171 existere3
2530 3092 2645 3157 de-

603 3174 700 3240 dit
745 3198 940 3260 porto
1005 3176 1158 3241 huic
1213 3179 1346 3261 ipsi
1391 3179 1645 3245 civitati
1688 3179 2113 3265 magistratus
2160 3200 2296 3260 eoa,
2344 3180 2461 3262 qui
2520 3180 2644 3248 etsi

603 3261 736 3324 vim
777 3259 999 3345 legum
1039 3263 1751 3346 praestantissimarum
1794 3264 2121 3329 mentibus
2164 3263 2302 3330 suis
2352 3264 2644 3349 eomple-

601 3354 964 3427 cterentur,
1011 3356 1227 3413 tamen
1273 3347 1360 3412 ad
1404 3351 1713 3425 maiorem
1761 3348 2091 3434 quandam
2133 3348 2645 3434 philosophandi

602 3432 981 3497 facultatem
1045 3456 1180 3497 non
1239 3432 1529 3499 instituti
1586 3446 1655 3501 et
1712 3434 1951 3499 eruditi
2002 3444 2259 3517 essent,
2314 3432 2433 3499 sed
2478 3435 2643 3499 nihil

604 3516 732 3589 nisi
778 3516 1118 3601 popularis
1165 3520 1524 3605 sapientiae
1568 3533 1636 3584 et
1672 3520 1933 3585 virtutis
1961 3517 2221 3585 laudem
2267 3530 2641 3609 tuerentur3

601 3601 1013 3687 disciplinam
1073 3613 1414 3687 praeterea
1474 3607 1794 3691 privatam
1855 3605 2101 3689 pariter
2157 3614 2361 3689 atque
2425 3606 2641 3690 publi-

601 3710 746 3754 cam
791 3687 990 3751 talem
1034 3689 1094 3751 ei
1140 3690 1522 3775 impertivit,
1562 3712 1743 3775 ,quae
1788 3688 2195 3755 Graecorum
2233 3690 2527 3757 moribus
2574 3702 2643 3757 et

601 3773 922 3841 institutis
977 3783 1154 3839 esset
1196 3776 1627 3853 conveniens;
1686 3775 1996 3839 virtutem
2035 3776 2191 3839 item
2236 3776 2321 3841 ab
2366 3799 2443 3841 ea
2488 3800 2643 3843 exe-

599 3860 700 3945 git
741 3882 873 3925 non
917 3860 1243 3927 excelsam
1277 3860 1486 3945 illam,
1532 3884 1701 3945 quae
1742 3859 2031 3925 solorum
2056 3860 2643 3947 sapientiumpro—

601 3944 746 4029 pria
789 3954 914 4027 est,
962 3944 1080 4008 sed
1124 3946 1509 4029 popularem
1554 3970 1633 4011 ae
1667 3946 2037 4033 vulgar-enm
2078 3946 2347 4011 deorum
2392 3948 2643 4025 cultum

599 4029 797 4093 etiam
844 4030 934 4095 ibi
967 4052 1242 4115 regnare
1288 4031 1503 4108 voluit
1538 4034 1863 4097 sincerum
1896 4032 2175 4116 quidem
2206 4040 2275 4097 et
2316 4055 2357 4095 a
2412 4056 2638 4110 crassa

600 4114 812 4197 plebis
883 4115 1350 4199 superstitione
1424 4118 1770 4181 immunem
1848 4127 2046 4200 atque
2128 4116 2435 4197 liberum,
2518 4118 2633 4183 sed
