2857 4738
937 312 1060 375 DE
1111 310 1529 389 LEGIBUS
1580 329 1703 380 etc.
1930 390 1939 399 ι
1962 319 2300 385 LXXXV

231 477 412 543 tionis
473 474 534 541 ὁ-
578 481 710 543 νῦν
761 476 853 559 δη
931 480 1134 564 λόγος
1191 482 1352 563 ἡμῖν
1410 492 1755 569 ὲπιγυθείς
1786 440 1981 553 lLibr.
2027 488 2185 553 VII.
2286 538 2298 553 .

1532 557 1548 571 U

225 588 286 648 p.
341 566 490 628 793.
561 562 644 627 B.
701 566 1105 649 praesertim
1167 592 1366 653 quum
1446 571 1585 656 ipse
1656 571 1845 639 Plato
1906 572 2133 637 eadem
2204 572 2301 637 lo-

223 650 466 735 quendi
545 650 813 715 ratione
880 653 1074 729 etiam
1147 655 1409 719 Politici
1490 678 1551 740 p.
1618 660 1763 723 302.
1829 658 1905 723 C.
1968 681 2127 723 usus
2190 660 2297 723 sit.

224 736 664 821 Exquisitius
738 746 959 801 autem
1026 750 1127 803 est
1189 762 1310 803 nec
1391 740 1535 805 sine
1602 745 1933 825 gravitate
2016 744 2297 808 dictum:

218 824 486 905 πατρὸς
547 819 589 901 ἢ
651 824 914 906 μητρὸς
967 828 1196 909 ψυχὴν
1258 830 1589 905 τολμῆσαι
1646 829 2041 912 ἀποστερεῖν
2084 830 2332 911 auium*

215 934 336 986 τος
383 908 590 987 Libr.
651 907 776 971 lX.
822 931 886 993 p.
937 910 1082 974 873.
1135 914 1216 973 A.
1308 910 1454 975 Nec
1514 912 1787 979 moleste
1848 914 2117 979 ferenda
2165 937 2297 977 me-

215 995 537 1082 tonymia
601 994 786 1057 Libr.
853 994 904 1057 Ι.
967 1018 1030 1078 p.
1095 998 1238 1060 (543.
1309 998 1391 1059 A.
1454 998 1577 1063 ubi·
1628 998 1991 1084 disputatio
2054 1000 2299 1063 dicitur

211 1079 602 1165 procedere
649 1078 900 1144 debere·
952 1080 1292 1166 paullatim
1340 1090 1509 1163 προς
1556 1084 1673 1147 τὸν
1722 1088 1927 1163 ἐνεόν,
1987 1084 2297 1149 videlicet

217 1164 304 1229 ad
365 1166 802 1251 Dionysum,
929 1166 1190 1231 uoniam
1251 1166 1491 1231 dehinc
1558 1166 1655 1235 de.
1701 1194 1823 1235 usu
1882 1171 2019 1236 vini
2081 1169 2291 1256 deque

217 1250 848 1336 compotationibus
943 1251 1352 1317 isserendum
1385 1264 1524 1318 rest:
1609 1254 1797 1321 Soita
1841 1280 2036 1345 porro
2084 1254 2291 1319 dictio

100 1386 114 1397 ,
210 1347 320 1401 est
387 1347 461 1400 et
521 1337 869 1421 eleganter
937 1336 1019 1401 ad
1063 1360 1199 1405 rem
1249 1348 1657 1421 praesentem
1706 1342 2058 1406 translata:
2126 1342 2291 1405 ὅταν

218 1422 288 1506 (ὁ
322 1421 657 1504 ποιητής)
706 1430 773 1485 ἐν
821 1425 911 1503 τῷ
959 1428 1392 1505 τριποὸ“ι”τὴς
1427 1428 1711 1503 Μούσης
1755 1426 2054 1505 κάθηται
2108 1424 2305 1489 Libr..

217 1508 345 1573 IV.
415 1532 483 1591 p.
557 1508 704 1573 719.
763 1504 886 1587 C..,
950 1505 1281 1591 habetque
1341 1510 1609 1573 omnino
1684 1519 1863 1577 totus
1920 1510 2028 1575 ille
2102 1510 2287 1573 locus

219 1595 598 1659 orationem
663 1591 1012 1676 poeticam.
1124 1591 1378 1658 Contra
1432 1596 1625 1679 plane
1686 1607 1786 1661 est
1846 1598 2160 1661 usitatum
2224 1605 2289 1658 et

221 1680 564 1746 communi
628 1676 945 1761 loquendi
993 1678 1459 1743 consuetudini
1505 1692 2055 1764 consentaneum,
2107 1680 2289 1763 quod

226 1766 409 1831 Libr.
457 1764 598 1829 XI.
649 1788 708 1848 p.
745 1765 905 1841 ⁴936.
939 1760 1014 1825 C.
1057 1764 1374 1829 mendicis
1403 1766 1817 1831 interdicitur
1858 1769 2079 1853 εὐχαῖς
2132 1770 2287 1846 βόων

223 1850 597 1931 ἀνηνύτοις
665 1852 1135 1929 ξυλλὲγεσθαι,
1219 1852 1667 1934 perpetuis
1741 1863 1822 1942 e!
1897 1850 2325 1917 infinitis·

225 1934 648 2023 precibus
712 1933 1051 2015 victum*
1085 1934 1534 2021 colligere3
1582 1961 1730 2001 nam
1789 1942 1941 2018 βίος
1984 1960 2065 2001 ea
2108 1938 2169 1999 vi
2218 1947 2285 1999 et

226 2033 565 2109 potest-ate
626 2020 824 2082 etiam
885 2040 924 2081 a
982 2042 1214 2104 prosae
1271 2022 1587 2089 orationis
1648 2024 2083 2109 scriptoribus
2142 2044 2283 2086 sae-

233 2109 497 2195 pissime
533 2106 632 2193 ita
663 2112 1050 2188 usurpatum
1085 2128 1230 2171 esse
1276 2116 1557 2171 constat.
1646 2110 1883 2193 Neque
1914 2109 2049 2173 ullo
2087 2106 2281 2171 modo

235 2193 524 2260 insolens
588 2199 694 2256 est
755 2188 916 2253 illud
959 2187 1166 2275 Libr.·
1204 2192 1286 2254 V.
1339 2214 1401 2276 p.
1452 2195 1595 2257 730.
1641 2194 1727 2257 D.
1780 2195 1814 2258 ὀ
1860 2205 2071 2277 μέγας
2113 2195 2283 2275 dmm

241 2291 306 2345 ἐν
361 2282 556 2344 πόλει
623 2281 735 2339 καὶ
800 2279 1050 2350 τέλειος
1092 2278 1292 2353 οὑτος
1335 2281 1863 2362 ἀναγορευέσθω
1908 2274 2285 2363 νικηφόρος

241 2367 456 2456 ‹ipsi-{p
553 2360 732 2427 Nam
777 2359 1220 2446 ,ἀναγορεύειν
1275 2362 1545 2426 verbum
1608 2373 1707 2428 est
1764 2362 1831 2427 in
1860 2362 2102 2428 talibus
2176 2381 2282 2426 so-

239 2456 444 2517 lemne
487 2457 804 2530 recteque
853 2447 1045 2510 etiam
1091 2445 1338 2511 dicitur
1379 2471 1497 2533 pro
1540 2448 1879 2534 publice
1924 2447 2279 2514 laudari.

237 2539 544 2620 Denique
602 2532 910 2617 attigisse
964 2532 1216 2597 iuvabit
1271 2531 1469 2598 etiam
1530 2533 1714 2598 Libr.
1779 2535 1973 2598 VIII.
2023 2559 2084 2620 p.
2134 2535 2279 2597 840.

235 2625 314 2688 Ι).
375 2622 492 2688 ubi
555 2619 768 2704 primo
835 2628 1014 2682 certe
1079 2617 1403 2704 adspectu
1466 2619 1781 2685 audacius
1827 2619 1989 2687 haec
2034 2619 2117 2684 de
2165 2618 2279 2682 be-

229 2711 368 2775 stiis
423 2707 774 2772 dicuntur:
832 2709 1026 2788 μέχρι.
1093 2711 1529 2788 παιδογονίας
1604 2705 1835 2783 ἡΐιΊ-ευι
1882 2711 1990 2770 καὶ
2038 2703 2279 2788 ἀκήρα-

230 2823 326 2860 τοι
387 2798 632 2877 γάμων
689 2813 759 2852 τε
819 2787 1015 2869 ἁγνοὶ
1078 2791 1292 2866 ζῶσιν.
1400 2791 1495 2853 At
1560 2791 1669 2873 qui
1732 2812 1955 2866 secum
2016 2798 2281 2876 reputa-

227 2881 439 2946 verint
499 2873 968 2962 philosophum
1033 2872 1120 2938 ibi
1169 2874 1368 2956 cives,
1415 2876 1755 2960 proposito
1812 2877 2019 2939 etiam·
2056 2874 2277 2939 avicu-

227 2969 432 3032 larum
495 2961 926 3044 aliarumque‘
967 2960 1389 3024 animantium
1453 2961 1787 3046 exemp10‚
1834 2961 1917 3024 ad
1965 2960 2275 3026 tuendam

224 3052 606 3130 castitatem
673 3053 742 3108 et
811 3044 1368 3110 matrimoniorum
1427 3046 1846 3110 sanctitatem
1914 3045 2275 3122 cohortari,

229 3140 266 3201 ii
335 3151 526 3201 certe
601 3129 988 3197 fatebuntur
1055 3131 1420 3194 orationem
1496 3153 1581 3194 ne
1651 3131 1757 3194 hic
1820 3128 2085 3212 quidem
2134 3149 2277 3192 esse

229 3225 651 3288 invenustam
699 3224 814 3278 aut
858 3214 1050 3278 nimis
1099 3214 1435 3280 audacem.

1063 3403 1461 3412 ·—-—.-—-—-——--—

649 3577 837 3691 Cap.
903 3573 1164 3665 xvln.
1289 3571 1666 3689 S'egment.
1736 3571 1854 3666 ΙΙΙ.

256 3765 372 3820 ne
427 3764 837 3816 :universae
887 3759 1248 3814 orationis
1301 3759 1683 3813 structura
1742 3761 1819 3812 et
1880 3759 2241 3824 composi-

435 3852 668 3912 tione,
709 3850 954 3914 deque
993 3845 1392 3901 rhetoricis
1432 3845 1869 3912 quibusdam
1910 3845 2070 3901 cius

953 3930 1576 4000 proprietatibus.

391 4083 617 4164 Atque
669 4076 836 4140 haec
887 4068 1152 4152 quidem
1201 4069 1282 4132 de
1331 4069 1675 4132 verborum
1724 4066 1821 4128 vel
1870 4059 2273 4147 singulorum

223 4167 316 4228 vel
356 4168 742 4230 iunctorum
778 4179 904 4222 usu
953 4154 1378 4238 grammatico
1407 4162 1473 4218 et·
1505 4152 1851 4216 rhetorico.
1930 4143 2273 4232 Pergimus
