2857 4738
920 295 1045 358 DE
1094 292 1515 367 LEGIBUS
1567 308 1689 360 etc.
2054 295 2317 360 XXIu

244 465 427 530 xerit
448 513 470 546 ,
542 485 713 547 quae
776 485 911 529 non
973 461 1237 528 aliunde
1295 461 1498 532 dueta
1543 465 1678 534 sint
1721 464 1852 528 nisi
1898 486 1978 528 ex
2023 464 2316 528 fortuitis

248 551 437 614 vitae
506 547 875 614 communis
936 549 1318 620 rationibus
1423 548 1532 612 De
1596 549 1834 632 quibus
1894 547 2315 633 opinionibus

254 634 425 699 satis
502 635 630 698 erit
690 632 1105 698 consuluisse
1194 633 1528 697 Astium
1589 634 1692 698 De
1749 635 1912 698 Vita
1957 642 2024 696 et
2069 633 2314 718 Script.

254 719 432 786 Plat.
480 743 543 804 p.
592 720 738 784 385.
831 717 1006 782 Nam
1049 727 1125 781 ut
1167 718 1484 804 plurimae
1531 719 1712 804 leges
1755 741 1888 784 non
1935 717 2316 804 singulatim

259 804 347 868 ad
410 805 675 869 virtutis
720 803 1076 874 rationem
1122 804 1526 886 referantur,
1574 815 1792 868 tamen
1838 803 2003 868 illud
2048 801 2314 886 quidem

260 900 522 955 certum
580 899 645 954 et
700 887 1111 974 exploratum
1182 887 1534 969 habemus,
1607 911 1689 954 ne
1749 889 1979 954 harum
2049 887 2316 972 quidem

260 975 759 1040 observantiam
821 995 901 1037 ex
960 974 1290 1039 sententia
1363 973 1658 1039 Platonis
1718 973 1876 1038 boni
1932 982 2001 1037 et
2054 973 2317 1038 honesti

260 1059 494 1124 studio
540 1071 607 1125 et
650 1081 871 1125 amore
916 1059 1051 1124 ullo
1110 1057 1305 1124 modo
1362 1081 1600 1124 vacare
1663 1052 1916 1145 posses
1971 1057 2108 1124 Sed
2153 1058 2315 1123 haec

266 1145 535 1228 quidem
595 1145 759 1208 satis
820 1153 1015 1208 sunto
1084 1143 1167 1208 de
1226 1145 1351 1208 hac
1395 1155 1582 1228 parte
1633 1146 1872 1230 operis.
1965 1143 2317 1230 Progredi-

264 1253 413 1294 mur
457 1230 543 1294 ad
605 1247 719 1312 eat,
782 1251 949 1312 quae
1024 1229 1311 1315 posthac
1362 1228 1555 1292 inde
1623 1252 1660 1290 a
1717 1230 1950 1294 libro
2015 1229 2314 1310 quinto

268 1315 485 1380 med.
548 1325 629 1380 et
684 1323 927 1378 sexto
987 1323 1389 1397 sequuntur,
1439 1335 1738 1397 quaeque
1798 1314 2072 1401 propius
2128 1335 2314 1398 per·
2387 1375 2396 1384 ,

261 1403 559 1465 tinent
630 1398 729 1472 ad
798 1421 1071 1464 rerum
1146 1399 1531 1464 civilium
1601 1398 2315 1464 constitutionem

264 1483 817 1570 atque-ipsas
882 1484 1148 1570 leges.
1255 1474 1576 1549 Videmur
1633 1482 2027 1549 autem‘non
2074 1492 2346 1546 temere·

264 1569 603 1634 affirmare
670 1578 735 1634 et
794 1568 1230 1646 contendere,
1310 1569 1377 1634 in
1451 1569 1554 1634 his
1617 1592 1880 1653 quoque
1950 1569 2318 1652 argumenti

266 1655 781 1741 explicationem
826 1655 894 1717 in
938 1655 1316 1723 universum
1363 1654 1628 1738 quidem
1679 1652 2038 1740 procedere
2083 1653 2316 1717 rectis-

263 1742 456 1820 sime,
506 1740 704 1805 sicuti
742 1739 850 1803 vel
893 1761 972 1806 cx
1013 1739 1329 1804 librorum
1376 1740 1650 1804 istorum
1699 1762 1951 1803 summa
1997 1738 2124 1801 alia
2164 1737 2316 1802 loco

262 1849 303 1889 a
360 1825 560 1889 nobis
620 1824 963 1908 proposita
1022 1847 1339 1909 apparere
1387 1825 1797 1890 arbitramur.
1890 1822 2158 1908 Quippe
2203 1844 2316 1886 ve-

262 1910 523 1975 rissime
568 1931 783 1980 sermo
828 1933 891 1994 p.
944 1911 1088 1973 736.
1136 1908 1391 1975 orditur
1435 1911 1518 1974 ab
1563 1911 1668 1990 iis,
1715 1931 1884 1995 quae
1933 1917 2090 1973 sunt
2125 1908 2317 1990 quasi

264 1995 679 2082 generaliora
740 1996 1202 2080 pertinentque
1246 1994 1347 2057 ‘ad
1391 1995 1650 2059 omnem
1693 1993 2094 2078 reipublicae
2140 2015 2318 2057 com·
2360 2011 2376 2017 ·

264 2081 689 2161 munitatem,
748 2090 947 2163 atque
1005 2079 1345 2164 paullatim
1404 2081 1644 2145 transit
1701 2078 1786 2142 ad
1831 2101 1944 2162 ea,
2007 2100 2174 2162 quae
2235 2075 2318 2155 ad

268 2165 568 2250 singulas
615 2164 787 2229 vitae
832 2163 1648 2230 communis'conditiones
1694 2174 1759 2229 et
1802 2162 2162 2250 peculiaria
2203 2183 2318 2225 ne-

270 2252 455 2336 gotia
512 2249 923 2330 referuntur,
991 2270 1199 2331 usque
1262 2249 1416 2314 dum
1491 2248 1772 2331 denique
1845 2248 2078 2314 ultimo
2149 2246 2318 2309 libro

274 2335 761 2401 constituuntur
788 2335 1090 2420 publicae
1120 2334 1350 2399 salutis
1382 2332 1718 2414 custodes,
1749 2330 1986 2416 quibus
2023 2329 2094 2395 id
2119 2335 2318 2395 curae

278 2420 745 2502 demandatur,
813 2429 891 2484 ut
932 2429 1289 2505 perpetuae
1332 2419 1620 2483 civitatis
1683 2416 2116 2483 incolumitati
2168 2435 2318 2501 pro-

273 2516 576 2589 spectum
623 2507 731 2570 sit.
816 2504 1057 2587 -Itaque
1085 2504 1238 2569 inde
1272 2527 1320 2584 a„
1342 2528 1405 2589 p.
1445 2506 1586 2569 736.
1630 2511 1782 2566 ante
1827 2503 2044 2566 omnia
2090 2500 2172 2565 de
2209 2522 2320 2566 ex·-

268 2593 479 2657 ternis
510 2592 723 2673 iisque
772 2591 1225 2655 communibus
1258 2590 1496 2654 civium
1525 2587 1888 2653 rationibus
1933 2587 2318 2672 explicatur,

270 2677 505 2761 quales
578 2676 647 2739 in
713 2698 873 2739 vera
928 2676 1195 2738 civitate
1230 2675 1639 2759 reperiantur
1672 2673 1866 2759 plane
1899 2692 2170 2737 necesse
2199 2679 2320 2737 est.

274 2760 539 2826 Deinde
587 2768 825 2824 sexto
871 2758 1099 2825 libro'
1144 2769 1452 2825 creantur
1499 2759 1664 2822 varii
1707 2759 2154 2844 magistratUS,
2202 2755 2321 2819 du-

270 2868 385 2911 ces
448 2846 813 2927 exercituS,
876 2844 1263 2909 sacerdotes
1318 2852 1386 2907 et
1431 2843 1712 2907 ministri
1805 2840 2024 2907 ublici.
2115 2841 2322 2905 Deni-

272 2955 405 3015 que
478 2932 971 2994 eonstituuntur
1040 2929 1327 3009 iudicia,
1414 2950 1624 3011 usque
1703 2948 1742 2990 a
1875 2950 1940 3013 p.
2018 2929 2161 2991 772.
2231 2926 2320 2989 in.

272 3017 547 3101 Quippe
607 3016 789 3101 leges
852 3015 1234 3101 priusquam
1281 3014 1612 3095 ferantur,
1676 3023 1826 3077 ante
1873 3012 2091 3075 omnia
2133 3032 2322 3094 repe-

272 3104 531 3167 riantur
575 3121 845 3164 necesse
888 3110 1013 3179 est,
1062 3100 1175 3183 qui
1224 3120 1443 3162 earum
1485 3094 2124 3181 tanquam,ministri
2167 3096 2323 3175 sint,

272 3208 521 3268 easque
566 3186 693 3248 rite
752 3193 1078 3250 tueantur.
1166 3184 1423 3247 Horum
1469 3205 1624 3245 vero
1672 3187 2004 3266 potestate
2052 3177 2326 3242 definita

272 3272 537 3336 initium
598 3270 675 3332 fit
731 3269 1021 3353 ipsarum
1085 3268 1305 3354 legum
1372 3262 2017 3351 promulgandarum.
2123 3262 2327 3345 Quod

318 3356 619 3443 eragitur
677 3376 756 3417 eo
802 3354 938 3419 fere
984 3352 1241 3433 ordine,
1289 3352 1403 3435 qui
1448 3350 1668 3416 verbis
1715 3348 2095 3414 clarissimis
2138 3350 2325 3414 Libr.

313 3491 329 3506 .
392 3464 460 3525 p.
521 3442 669 3505 631.
731 3439 816 3505 D.
890 3461 1038 3523 sqq.
1103 3437 1516 3523 significatus
1571 3435 1753 3498 suit.'
1818 3431 2094 3520 Capitur
2152 3434 2328 3499 enim

272 3526 535 3593 initium
586 3524 669 3588 ab
712 3524 795 3587 iis
842 3524 1060 3605 rebuS,
1110 3544 1277 3605 quae
1323 3518 1409 3584 ad
1456 3528 1668 3584 ortum
1709 3519 1952 3585 civium
1998 3528 2328 3605 spectant,

272 3608 740 3689 matrimoniiS,
790 3607 1085 3687 dotibus,
1131 3604 1588 3691 procreatione
1619 3604 1994 3685 liberorum,
2045 3603 2328 3688 denique

269 3698 397 3779 iis,
467 3716 641 3780 quae
684 3694 1059 3758 referuntur
1104 3690 1190 3755 ad
1234 3712 1491 3755 omnem
1537 3690 1738 3753 vitam
1785 3689 2162 3773 coniugum,
2211 3688 2327 3752 ad·

272 3780 505 3847 mixtis
551 3779 748 3844 etiam
788 3778 935 3843 aliis
976 3775 1373 3861 quibusdam
1418 3774 1886 3842 consimilibus.
1974 3774 2148 3837 Nam
2194 3794 2332 3837 ma-

272 3889 473 4016 {nam
532 3887 692 3929 sane
740 3864 933 3928 Plato
990 3860 1464 3927 discessionem
1506 3858 1616 3924 hic
1659 3862 1740 3925 ab
1785 3859 1867 3923 iis
1911 3859 2102 3939 fecit,
2163 3879 2332 3941 quae
2402 3889 2407 3894 ·

322 3974 359 4017 e

408 3950 512 4016 his
541 3950 745 4013 rebus
771 3949 841 4013 in
885 3946 1127 4012 Politia
1156 3944 1522 4025 constituit,
1569 3941 2129 4027 quandoquidem,
2171 3943 2330 4007 sub·-

271 4037 413 4102 lata
468 4055 741 4121 prorsus
802 4032 1263 4099 communione
1318 4031 1677 4113 bonorum,
1733 4050 2012 4093 uxorum
2061 4036 2130 4091 et
2171 4027 2334 4092 libe·

274 4144 525 4202 rorum,
575 4117 859 4185 familiae
905 4127 1296 4204 perpetuum
1344 4114 1520 4181 vitae
1565 4114 1987 4212 consortium,
2037 4114 2334 4199 coniugi-

2356 3 2399 5 --
2410 3 2511 7 ww-.
2539 1 2834 10 n*-v--—-·-——--=
