2857 4738
992 241 1128 305 DE
1179 239 1596 308 LEGIBUS
1650 252 1773 305 etc.
1989 337 1993 342 ι
2226 239 2355 305 LV

247 406 312 470 les
345 428 744 474 sermones
793 410 921 484 vel¹
954 411 1176 476 invito
1206 411 1528 496 scriptore
1561 412 1966 491 emerserint,
2016 420 2157 476 tum
2202 435 2352 497 pro·

249 489 486 558 bibitam
541 503 630 558 et
685 495 1146 562 interclusam
1191 494 1584 560 emendandi
1629 505 1697 562 et
1739 495 2153 583 perpoliendi
2199 519 2353 581 ope-

253 601 350 642 ram
385 577 782 664 effecisse,
835 591 916 646 ut
961 605 1098 646 non
1143 579 1340 646 modo
1384 580 1455 644 in
1498 603 1715 646 rerum
1763 581 2161 648 tractatione
2226 581 2341 646 sed

253 663 406 730 etiam
447 665 534 730 in
587 667 965 734 orationis
1012 675 1348 731 structura
1391 673 1460 730 et
1501 667 1980 754 compositione
2024 667 2353 751 relinque-

251 759 485 830 rentur,
543 775 762 836 quae
825 753 976 839 ipse
1025 750 1487 838 philosophae,
1534 753 1591 818 si
1636 753 1704 816 in
1755 753 1926 818 vivis
1972 753 2350 833 mansisset,

251 833 800 922 haudquaquam
833 838 1185 904 relicturus
1217 846 1384 904 erat.>
1421 837 1673 902 Verum
1709 838 1883 904 enim
1908 861 2065 903 vero
2097 839 2350 904 etiamsi

251 919 392 986 haec
447 922 566 986 ita
652 946 828 990 sese
899 923 1222 1004 habeant,
1283 931 1505 988 tamen
1571 923 1783 1009 qualis
1828 923 2036 988 forma
2087 933 2156 989 et
2200 945 2350 1010 spe-

234 1007 368 1091 ,cies
420 1009 805 1074 orationis
852 1009 922 1073 in
979 1008 1084 1094 his
1133 1007 1318 1073 libris
1361 1029 1677 1093 expressa
1724 1009 1833 1093 sit,
1883 1010 2147 1076 omnino
2202 1009 2346 1096 qui·

255 1092 384 1156 dem
442 1095 644 1160 satis
711 1103 901 1160 certo
960 1093 1336 1180 perspicere
1382 1116 1756 1178 possumus.
1842 1094 2131 1182 Mixturn
2178 1094 2348 1161 enim

257 1193 343 1244 est
383 1201 466 1244 ac
515 1179 759 1245 veluti
804 1189 1240 1265 temperatum
1299 1177 1562 1244 dicendi
1654 1202 1839 1264 enus,
1887 1180 2065 1265 quod
2104 1181 2172 1245 in
2216 1181 2348 1246 illis

259 1273 514 1351 regnat,
569 1266 685 1330 ita
728 1272 809 1330 ut
867 1263 1062 1329 modo
1124 1265 1214 1329 sit
1267 1271 1489 1346 tenue,
1548 1287 1629 1331 su
1676 1267 1827 1348 tile,
1892 1266 2343 1352 tranquillum,

261 1349 722 1433 moderatum,
769 1348 970 1417 modo
1017 1349 1260 1415 celsum
1309 1359 1509 1434 atque
1552 1351 1839 1437 grande,
1884 1352 2085 1416 modo
2149 1352 2345 1417 etiam

264 1435 557 1500 medium
641 1435 824 1500 inter
917 1446 1264 1520 utramque
1346 1435 1664 1500 orationis
1737 1437 2014 1500 formam
2101 1445 2343 1502 teneat.

262 1521 536 1608 Quippe
569 1530 685 1586 est
713 1520 906 1604 illud,
940 1530 1018 1584 ut
1049 1519 1360 1600 diximus,
1393 1521 1591 1606 plane
1626 1530 2129 1608 attemperatum
2164 1523 2342 1608 ipsa-

255 1627 394 1672 rum
441 1631 712 1688 rerum,
763 1629 932 1692 quae
978 1616 1439 1691 exponuntur,
1502 1607 1872 1672 rationibus
1942 1618 2139 1692 atque
2196 1631 2343 1694 per-

253 1694 438 1760 sonis
489 1690 1061 1777 colloquentium,
1107 1701 1184 1755 ut
1223 1693 1535 1775 utrinque
1580 1715 1773 1758 suum
1803 1692 2088 1759 colorem
2120 1715 2343 1760 suum·

250 1802 382 1864 que
429 1779 762 1844 habitum
807 1788 1077 1844 nactum
1125 1777 1232 1840 sit.
1291 1777 1473 1842 'Nec
1502 1800 1659 1842 vero
1709 1778 1979 1844 dubium
2014 1789 2137 1864 est,
2186 1780 2343 1864 quin

246 1863 423 1929 illud
488 1864 756 1929 referat
812 1862 968 1928 item
1027 1861 1326 1932 Platonis
1382 1863 1449 1926 in
1504 1864 1757 1944 eninm,
1819 1886 2100 1948 morem,
2146 1866 2343 1930 ratio-

243 1973 428 2017 nem.
533 1950 723 2014 Nam
778 1949 939 2014 licet
996 1947 1066 2012 in
1103 1970 1204 2012 ‘eo
1252 1947 1446 2013 subin
1500 1971 1534 2014 e
1586 1947 1864 2015 tarditas
1910 1949 2233 2034 quaedam
2278 1958 2346 2016 et

249 2036 455 2120 quasi
505 2033 853 2103 lentitudo
900 2032 1494 2117 animadvertatur,
1558 2057 1725 2120 quae
1770 2044 1953 2101 caret
1996 2046 2187 2122 grata
2227 2035 2343 2100 illa

241 2121 634 2202 facilitate,
703 2143 901 2204 quam
965 2118 1122 2184 alibi
1179 2118 1358 2204 apud
1408 2119 1878 2206 philosophum
1922 2119 2341 2201 admiramur,

247 2218 492 2272 tamen
556 2205 694 2270 vel‘
733 2207 832 2270 sic
893 2228 1014 2291 per
1068 2205 1288 2269 omnia
1339 2204 1526 2290 viget
1569 2227 1754 2270 mens
1802 2203 2127 2288 quaedam
2175 2205 2341 2271 divi-

247 2293 452 2377 nior,
513 2291 744 2377 qualis
810 2291 882 2355 in
945 2290 1087 2355 aliis
1143 2291 1286 2355 eius
1362 2289 1629 2376 scriptis
1702 2291 2033 2367 cernitur3
2107 2290 2343 2377 regnat

247 2380 426 2444 item
487 2400 828 2466 generosa
886 2399 1229 2444 sensorum
1271 2375 1578 2457 celsitas,
1638 2398 1807 2460 quae
1850 2375 2097 2442 fontem
2144 2375 2345 2441 habet

235 2464 560 2529 animum
627 2486 1017 2549 magnarum
1077 2484 1292 2527 rerum
1332 2460 1763 2526 meditatione
1806 2460 2165 2547 repletum3
2226 2461 2343 2527 do-

231 2551 562 2616 minatur
623 2549 916 2634 denique
976 2570 1052 2611 ea.
1088 2547 1437 2612 ‘dictorum
1502 2556 1570 2612 et
1615 2548 2054 2634 cogitatorum
2100 2570 2341 2615 conve-

229 2638 552 2721 nientia,
605 2634 782 2702 unde
825 2633 1020 2699 facile
1062 2632 1392 2720 intelligas
1456 2633 1746 2698 scribere
1788 2631 1921 2697 ista
1965 2656 2097 2699 non
2143 2633 2341 2698 alium
2436 2662 2451 2675 -

225 2723 582 2808 potuisse
619 2721 764 2785 *nisi
822 2719 1151 2799 hominem
1199 2718 1427 2783 divina
1472 2717 1758 2803 quadam
1801 2718 2049 2805 ingenii
2096 2719 2340 2784 virtute

225 2808 678 2894 praeditum.
779 2806 928 2871 Nec
987 2827 1143 2869 vero
1204 2804 1379 2869 inter
1442 2812 1661 2869 cetera
1718 2804 2014 2869 Platonis
2088 2806 2343 2893 scripta
2396 2874 2402 2877 ,

225 2894 463 2981 plane
529 2891 1032 2971 desiderantur,
1109 2911 1278 2974 quae
1351 2889 1629 2961 similem
1662 2888 2007 2955 ,orationis
2066 2889 2339 2955 formam

228 2988 473 3063 atque
537 2981 834 3065 speciem
893 2976 1137 3051 referre
1197 2972 1555 3039 iudicanda
1629 2974 1797 3057 sint,
1869 2983 1943 3038 ut
2000 2972 2339 3055 Philebus,

229 3064 644 3146 Ponticus,
707 3063 1056 3142 Timaeus,
1115 3058 1472 3126 dummodo
1517 3059 2040 3139 meminerimuS,
2099 3058 2221 3123 hos
2262 3058 2341 3122 li·-

227 3151 419 3217 bros
474 3159 560 3215 et‘
593 3150 662 3213 in
711 3148 854 3212 aliis
898 3146 1094 3211 rebus
1139 3145 1506 3214 tractandis
1551 3144 1800 3211 versari
1846 3154 1914 3208 et
1954 3142 2085 3207 alia
2127 3151 2349 3209 aetate·

233 3236 515 3302 litteris
565 3235 1013 3321 consignatos
1041 3252 1211 3297 esse.
2268 3311 2276 3317 *-

443 3320 600 3385 Iam
644 3342 801 3384 vero
846 3319 1010 3382 haec
1055 3316 1278 3381 omnia
1320 3316 1378 3380 si
1423 3314 1859 3403 probabiliter
1900 3336 1941 3377 a
1983 3314 2175 3379 nobis
2228 3336 2339 3377 ex-

240 3408 497 3497 posita
557 3413 753 3487 sunt,
829 3412 1005 3469 certe
1060 3402 1223 3467 nihil
1295 3400 1575 3486 impedit
1651 3400 2001 3486 quominus
2076 3398 2341 3465 dicendi

301 3516 488 3560 enus
587 3489 888 3579 Legibus
974 3486 1312 3573 proprium
1388 3486 1653 3552 omnino
1734 3484 1996 3569 quidem
2114 3504 2340 3551 rorsus

313 3577 699 3644 latonicum
758 3595 906 3640 esse
961 3571 1766 3657 nobispersuadeamUS,
1826 3576 1899 3635 ut
1956 3570 2067 3635 nul
2100 3595 2139 3635 a
2180 3570 2340 3636 inde

247 3664 579 3751 suspicio
639 3660 722 3727 de
779 3658 1150 3723 adulterina
1197 3658 1417 3744 operis
1464 3657 1719 3745 origine
1767 3655 2073 3723 ducenda
2115 3655 2339 3719 videa·-

247 3762 397 3817 tur.
509 3749 671 3816 Hoc
728 3768 888 3811 vero
998 3768 1156 3809 uum
1212 3744 1342 3808 iam
1387 3766 1509 3830 per
1552 3766 1622 3809 se
1670 3764 1979 3830 magnum
2026 3738 2340 3825 quiddam

251 3838 391 3921 sit,
461 3844 610 3902 tum
674 3831 874 3898 etiam
932 3766 1059 3894 alio
1105 3830 1368 3895 nomine
1413 3828 1500 3893 ad
1544 3838 1957 3915 praesentem
2004 3825 2338 3908 quaestio·

253 3946 418 3989 nem
485 3930 594 3987 est
649 3919 853 4004 longe
912 3915 1392 4003 gravissimum.
1512 3914 1851 3981 Valebunt
1924 3911 2097 3976 enim
2169 3930 2338 3993 quae

249 4008 470 4075 modo
540 4002 1038 4092 disputavimus
1100 4000 1296 4065 etiam
1363 4022 1483 4082 ec,
1544 4009 1617 4064 ut
1724 4022 1849 4065 uae
1897 3994 2213 4079 deinceps
2256 3994 2337 4059 de

247 4095 568 4164 dictione
637 4088 864 4176 operis
925 4086 1304 4174 singulatim
1361 4025 1762 4171 explicanda
1822 4094 2015 4161 sunt,
2080 4080 2335 4147 facilius
