2857 4738
650 335 887 400 XLIV
1298 309 2016 402 PROLEGOMENA

586 515 599 534 ⁸
651 507 797 572 silio
858 506 1202 593 scriptoris
1260 508 1574 593 explicari
1632 519 1697 572 et
1736 507 2048 574 illustrari
2093 507 2312 575 adhuc
2357 509 2728 576 debuerit.

653 591 921 657 Initium
982 601 1203 657 autem
1258 591 1505 680 dialogi
1541 595 1836 678 itemque
1879 597 2254 682 progressio
2295 608 2532 681 atque·
2551 595 2728 660 exi-

652 692 781 762 tus,
828 680 953 744 etsi
998 678 1203 743 multa
1256 689 1410 744 sunt
1454 680 1810 745 artificiose
1853 680 2275 766 interposita,
2334 703 2505 766 quae
2571 705 2724 768 per

650 766 982 852 longiores
1021 764 1327 849 ambages
1368 765 1607 830 ducere
1653 765 2016 846 videantur,
2063 777 2280 832 tamen
2323 769 2732 832 rectissime

652 873 793 916 sese
840 850 1117 932 habent,
1166 862 1450 934 suntque
1496 852 1590 915 ita
1629 875 1772 915 com
1825 862 2042 934 arata,
2095 863 2172 917 ut
2213 853 2409 917 etiam
2458 854 2726 940 singu-

653 937 807 1002 laris
866 934 1206 1000 cuiusdam
1262 936 1593 1002 sollertiae
1651 937 1761 1002 lau
1809 961 1910 1002 em
1955 949 2345 1004 mereantur.
2437 938 2726 1021 Quam-

654 1045 848 1106 quam
908 1020 1035 1084 hoc
1095 1030 1168 1085 ut
1212 1031 1387 1085 recte
1436 1023 1893 1109 perspiciatur,
1941 1034 2242 1090 teneatur
2281 1047 2560 1091 necesse
2599 1039 2726 1090 est

654 1106 1007 1206 singularis
1066 1105 1177 1172 illa
1236 1107 1534 1174 Platonis
1607 1131 1747 1191 ars,
1809 1132 1940 1194 qua
1995 1110 2063 1174 in
2135 1111 2417 1176 maxima
2474 1134 2726 1176 rerum

653 1203 967 1258 varietate
1014 1202 1211 1275 atque
1255 1193 1450 1278 copia
1493 1196 1809 1260 sermonis
1863 1217 2130 1261 cursum
2175 1200 2268 1262 ita
2309 1195 2724 1264 moderatus

630 1287 773 1361 est,
820 1287 897 1344 ut
936 1277 1161 1344 omnia
1203 1277 1488 1364 denique
1533 1281 1600 1344 in
1643 1303 1843 1346 unum
1885 1294 2200 1367 tanquam
2244 1305 2486 1368 corpus
2535 1305 2722 1349 con-

652 1367 878 1430 iuncta
940 1363 1305 1431 videantur.
1406 1365 1658 1431 Verum
1717 1365 1798 1431 de
1859 1366 1985 1432 hac
2044 1390 2114 1434 re
2171 1369 2484 1453 quoniam
2529 1370 2722 1436 satis

654 1450 902 1518 dictum
962 1460 1063 1516 est
1121 1461 1315 1516 antea
1368 1453 1439 1516 in
1495 1453 1656 1517 artis
1715 1452 2096 1518 dialecticae
2169 1456 2463 1520 examine
2487 1503 2507 1532 ‚
2591 1455 2719 1521 hic

655 1549 831 1602 certe
886 1561 1017 1601 non
1076 1547 1211 1620 est,
1269 1561 1385 1602 cur
1420 1536 1662 1605 ‚denuo
1721 1557 2146 1625 exponamus.
2252 1541 2718 1628 Proper-amus

654 1624 858 1709 igitur
918 1621 1002 1686 ad
1050 1622 1361 1702 alterum,
1437 1623 1618 1707 quod
1678 1623 2054 1691 dicebamus
2121 1626 2430 1692 hocloco
2477 1627 2549 1690 in
2601 1627 2716 1691 di-

656 1709 1130 1795 sceptationem
1176 1708 1546 1774 vocandum
1591 1732 1754 1775 esse.
1881 1733 1886 1740 ·
2021 1725 2038 1750 ²

822 1793 1001 1858 Fieri
1050 1794 1223 1859 enim
1314 1804 1508 1878 otest,
1569 1810 1644 1860 ut
1686 1797 1752 1861 in
1798 1797 2078 1884 singulis
2125 1799 2370 1862 crimen
2413 1798 2713 1862 inertiae

655 1891 723 1943 et
786 1879 1225 1966 negligentiae
1268 1821 1572 1952 fiacr-eat.
1643 1883 1898 1949 etiamsi
1953 1892 2164 1948 totum
2223 1881 2712 1970 disputationis

653 1966 781 2030 iter
824 1967 977 2042 sine.
1004 1961 1361 2031 offensione
1406 1967 1738 2052 procedat.
1833 1973 2056 2054 Atque
2115 1969 2240 2034 hoc
2284 1993 2352 2032 re
2399 1991 2560 2034 vera
2608 1971 2716 2032 ita

656 2075 729 2116 se
776 2050 1054 2133 habere,
1116 2075 1247 2116 non
1294 2052 1556 2127 videtur
1597 2062 1776 2118 recte
1821 2076 1902 2120 ne
1953 2056 2047 2118 ari
2089 2077 2334 2141 posse·
2393 2055 2714 2120 Laborat

656 2137 825 2203 enim
885 2136 1183 2224 dialogus
1244 2138 1349 2203 hic
1396 2149 1464 2204 et
1508 2137 1642 2204 illic
1683 2141 1766 2204 iis
1809 2138 1876 2204 di
1953 2139 2346 2223 cultatibus‚
2407 2151 2484 2205 ut
2533 2163 2712 2208 neu-

656 2226 901 2308 tiquam
962 2222 1266 2289 videatur
1324 2225 1411 2290 ad
1485 2218 1850 2312 elegantiae
1925 2225 2204 2292 laudem.
2262 2247 2478 2312 usque
2547 2247 2708 2292 esse

654 2310 1042 2397 perpolitus.
1148 2308 1359 2377 Cuius
1397 2312 1782 2381 ‘sententiae
1841 2313 1897 2379 si
1957 2334 2086 2398 qua
2147 2322 2538 2399 argumenta
2595 2335 2707 2377 re-

703 2398 1033 2479 uirentur5
1094 2398 1197 2462 vel
1259 2420 1337 2463 ea
1396 2399 1633 2483 opinor
1691 2399 2058 2482 sufficient,
2123 2422 2294 2484 quae
2357 2422 2566 2484 supra
2613 2399 2702 2463 de

656 2421 1002 2547 dialectica
1058 2504 1269 2547 rerum
1328 2485 1723 2550 tractatione
1769 2486 2207 2571 exposuimus.
2301 2486 2471 2549 Nam
2521 2508 2702 2569 quae

656 2568 915 2633 nomine
974 2567 1356 2633 subtilitatis
1412 2568 1796 2634 dialecticae
1853 2582 2164 2655 tanquam
2204 2593 2438 2635 manca
2483 2584 2554 2637 et
2599 2572 2702 2635 vi·-

656 2654 827 2716 tiosa
870 2660 1100 2715 notata
1142 2662 1333 2735 sunt,
1379 2653 1607 2718 eadem
1665 2672 1842 2720 certe
1883 2656 2298 2722 manifestum
2345 2666 2446 2721 est
2491 2659 2702 2721 etiam

656 2738 741 2802 ad
815 2735 1295 2822 impediendam
1352 2749 1468 2805 aut
1542 2740 1894 2805 tollendam
1970 2740 2226 2829 dialogi·
2283 2743 2702 2824 facilitatem,

656 2823 1189 2909 perspicuitatem
1264 2834 1331 2888 et
1388 2826 1488 2890 ele
1539 2827 1782 2891 antiam
1857 2828 2097 2893 valere.
2219 2828 2394 2893 Sun't
2472 2838 2698 2893 tamen

656 2910 853 2973 etiam
910 2932 1043 2973 non
1108 2932 1320 2995 pauca
1374 2911 1457 2976 de
1553 2934 1631 2977 oc
1675 2934 1914 3001 genere
1957 2935 2166 3000 nuper
2209 2937 2252 2977 a
2293 2914 2542 2980 criticis
2587 2916 2718 2979 in·-x

656 2996 823 3061 iuria
883 2996 1296 3081 reprehensa.
1400 2996 1732 3080 Quorsum
1789 3012 2090 3085 magnam
2149 3009 2402 3083 partem
2463 3022 2692 3065 eorum

657 3082 1035 3165 referimuS,
1104 3106 1269 3168 quae
1330 3085 1604 3170 protulit
1649 3084 2037 3149 Zellerus
2083 3083 2274 3150 Stud.
2322 3086 2578 3152 Platon.
2629 3110 2691 3173 p.

656 3172 757 3234 57.
817 3191 960 3253 sqq.
1054 3168 1281 3234 Veluti
1352 3169 1529 3254 quod
1587 3170 1696 3234 ille
1755 3194 1818 3255 p.
1865 3173 1965 3235 59.
2030 3169 2370 3255 con-tendit
2429 3194 2491 3255 p.
2541 3174 2688 3237 63⁶2.

655 3253 735 3322 E.
782 3276 923 3338 sqq.
976 3254 1383 3321 fortitudinis
1445 3266 1512 3319 et
1568 3255 2035 3339 temperantiae
2100 3256 2388 3322 rationes
2443 3267 2692 3321 temere

656 3338 966 3403 confusas
1028 3362 1210 3423 esse,
1272 3339 1339 3403 id
1400 3348 1628 3405 nostro
1687 3338 1950 3423 quidem
2011 3338 2258 3419 iudicio
2317 3365 2355 3406 a
2415 3344 2693 3407 veritate

655 3423 979 3489 abhorret..
1084 3424 1229 3492 Nec
1276 3426 1453 3489 Libr.
1502 3426 1554 3489 I.
1655 3474 1668 3489 .
1716 3430 1858 3490 655.
1905 3428 1988 3489 A.
2033 3426 2252 3513 inepte
2303 3428 2702 3514 interposita

656 3506 995 3591 videntur,
1058 3532 1225 3592 quae
1272 3511 1353 3576 de
1398 3450 1728 3575 coloriEus
1770 3512 1835 3573 in
1882 3523 2021 3575 arte
2067 3512 2314 3577 musica
2356 3514 2692 3599 usurpatis

634 3592 991 3673 admonita
1032 3605 1207 3679 sunt,
1256 3596 1454 3661 sicuti
1483 3596 1624 3659 viro
1651 3594 2036 3661 doctissimo
2081 3598 2292 3662 visum
2343 3608 2462 3663 est.
2556 3597 2690 3665 Sed

656 3679 931 3765 singulis
981 3681 1147 3761 istis,
1195 3704 1362 3763 quae
1418 3690 1594 3745 certe
1653 3681 1883 3761 melius
1928 3682 1994 3743 in
2041 3680 2546 3750 Commentariis
2591 3694 2692 3749 at-

655 3766 1029 3852 tingentur5
1058 3764 1187 3829 hoc
1228 3766 1375 3831 loco
1420 3766 1845 3849 transmissis,
1893 3788 1970 3831 ea
2015 3767 2269 3849 potius,
2320 3792 2490 3855 quae
2535 3782 2690 3837 sunt

658 3849 1067 3940 generaliora
1126 3859 1189 3915 et
1248 3851 1652 3932 communia,
1712 3852 2150 3937 exploravisse
2194 3854 2468 3922 iuvabit.
2561 3856 2686 3921 Re-

658 3934 1009 4023 prehendit
1079 3936 1281 4021 igitur
1338 3937 1736 4001 Zellerus
1801 3964 1862 4023 p.
1931 3940 2034 4003 58.
2093 3946 2305 4003 totum
2364 3942 2686 4005 sermonis

658 4022 1014 4106 exordium,
1060 4036 1405 4108 propterea
1435 4022 1611 4107 quo-d
1641 4026 1906 4108 scenico
1957 4023 2202 4108 dialogi
2245 4036 2480 4089 ornatu
2526 4050 2686 4091 non-

659 4109 811 4173 dum
871 4108 1423 4195 satiS.descripto
1454 4119 1794 4261 1protenus
1854 4110 1934 4174 de
1993 4110 2184 4173 reb‘us
2227 4111 2532 4175 civilibus
2577 4136 2682 4177 su-

659 4194 975 4279 scipiatur
1004 4193 1383 4282 disputatio
1523 4196 1780 4263 imirum
1807 4206 1994 4283 optat.
2021 4194 2150 4274 ille,
2173 4195 2370 4299 §sicut
2399 4196 2680 4276 videtur,
