2857 4738
865 328 1130 401 121ss1ss
1179 306 1563 397 OCTAVI.
1954 404 1961 413 ,
2094 337 2219 402 401

153 498 440 567 militari
486 501 730 567 virtute
787 498 916 567 insi
965 522 1086 567 nes
1129 500 1495 583 extiterint,
1534 492 1831 570 =exosum
1886 504 2053 588 ipsis
2096 505 2219 569 im-

153 586 334 675 perii
376 585 610 671 iugum
653 584 920 669 aliquan
971 610 1012 651 o
1057 586 1426 652 cervicibus
1474 585 1611 653 suis
1658 588 2027 669 excutiant.;
2086 612 2219 673 quo

151 671 494 754 efficitur,
565 681 642 735 ut
701 670 852 737 illos
913 672 996 737 ab
1053 695 1382 737 armorum
1457 694 1583 737 usu
1660 675 1923 739 omnino
1996 696 2219 739 arcere

48 808 50 811 ψ
149 766 514 825 conentur.
614 756 762 823 Nos
819 757 1080 843 igitur,
1127 780 1330 841 quum
1385 757 1565 824 cives
1612 760 1827 824 nostri
1866 777 1991 823 nec
2038 760 2219 825 avari

46 838 52 903 Ῐ
147 844 296 909 sint
339 864 472 909 nec
513 841 804 909 habeant
846 842 998 907 talis
1042 842 1372 909 libertatis
1413 865 1573 909 suae
1618 844 1944 927 inimicos,
1992 867 2218 911 omnes

46 982 56 1017 .-
143 929 226 995 in
273 950 410 993 usu
467 941 798 995 armorum
841 950 1302 1013 exerceamus,
1369 939 1572 1013 atque
1647 931 1867 995 omnia
1922 932 2216 1015 corporis

45 1078 52 1087 ,
145 1013 516 1096 exercitia,
563 1036 828 1081 cursum
848 1061 869 1098 ,
933 1036 1226 1100 pugnam
1283 1026 1599 1079 armatam
1617 1064 1640 1097 ,
1700 1017 2089 1103 sagittarum
2150 1026 2218 1080 et

143 1100 532 1167 iaculorum
581 1122 794 1182 usum,
837 1111 1044 1165 artem
1091 1111 1501 1183 equestrem,
1548 1101 1633 1165 ad
1679 1101 2061 1189 fingendam
2108 1124 2213 1167 ro-

145 1183 660 1269 borandamque
717 1208 944 1251 eorum
1001 1184 1457 1271 tortitudinem
1502 1186 1971 1269 adhibeamus,
2018 1186 2213 1251 etiam

143 1281 304 1373 arte
355 1271 616 1421 (musica
673 1270 801 1337 rite
875 1270 962 1335 ad
1017 1290 1240 1357 partes
1295 1271 1587 1337 vocata.x
1642 1274 1749 1359 (p.
1812 1277 1957 1340 831.
2003 1273 2083 1336 B.
2130 1308 2214 1319 --

143 1360 306 1534 830..
331 1357 478 1507 His)
523 1450 744 1507 autem
786 1441 886 1506 ita
928 1442 1290 1527 institutis,
1335 1404 1849 1509 animum-subit
1890 1443 2211 1530 cogitatio

44 1535 51 1590 ’ζ
139 1529 250 1595 rei
333 1527 690 1594 admodum
759 1528 980 1613 gravis
1054 1549 1134 1593 ac
1216 1530 1650 1613 periculosae.
1763 1527 1967 1610 Quod
2038 1528 2211 1595 enim

141 1614 470 1697 diximus,
513 1613 712 1681 ludos
753 1614 902 1679 illos
943 1614 1244 1700 publicos
1269 1614 1805 1681 adolescentibus
1835 1624 1903 1679 et
1945 1613 2208 1699 puellis,

46 1705 55 1775 j
141 1701 450 1785 itemque
513 1700 670 1765 viris
735 1722 817 1765 ac
873 1700 1292 1784 mulieribuS,
1373 1710 1694 1785 quantum
1750 1701 1895 1764 fieri
1972 1701 2207 1785 possit,

41 1848 52 1861 ‚.
141 1806 540 1853 communes
589 1806 734 1852 esse
779 1796 1108 1871 oportere,
1139 1788 1519 1871 periculum
1548 1810 1703 1853 sane
1737 1786 1998 1851 videtur
2040 1808 2207 1870 esse,

42 1880 49 1947 ζ
141 1894 238 1937 ne
299 1894 382 1937 ea
438 1895 508 1938 re
533 1936 540 1941 ,
566 1869 915 1939 adiuvetur
971 1894 1224 1937 morum
1261 1874 1603 1957 corruptio
1650 1873 1995 1956 alaturque
2042 1873 2209 1937 lubi-

41 1953 55 2022 ².
143 1956 334 2023 dinis
399 1980 480 2023 ac
540 1956 854 2022 lasciviae
899 1967 1008 2023 tur
1056 1956 1278 2041 itudo,
1337 1958 1723 2045 praesertim
1782 1981 1982 2042 quum
2028 1958 2209 2023 cives

141 2042 370 2109 nostri
435 2065 476 2107 a
533 2042 910 2108 durioribus
955 1982 1328 2125 laboribus,
1404 2043 1519 2128 qui
1577 2043 1710 2108 vim
1768 2040 2207 2125 cupiditatum

40 2194 51 2206 .
139 2128 557 2215 infringant,
628 2127 817 2193 liberi
875 2128 1010 2193 sint
1061 2139 1128 2193 et
1171 2129 1533 2209 immuneS,
1598 2129 1667 2193 in
1716 2127 2037 2193 conviviis
2086 2152 2206 2213 pu-

40 2226 55 2291 ζ
141 2214 348 2279 blicis
411 2236 488 2279 ac
549 2213 739 2279 festis
799 2213 1034 2281 diebus
1078 2211 1621 2283 concelebrandis
1665 2212 2016 2299 plurimum
2061 2236 2206 2278 ver-

39 2300 53 2383 j‘·
141 2308 422 2382 santur,
456 2292 775 2384 *denique
838 2301 1038 2367 etiam
1080 2309 1350 2367 utantur
1396 2298 1643 2384 optima
1688 2298 1983 2393 corpo-ris
2030 2298 2206 2363 vale-

40 2400 44 2407 '
142 2384 387 2453 tudine.
444 2385 811 2471 viriumque
869 2387 1128 2452 robore.
1234 2387 1382 2454 Nec
1448 2409 1605 2450 vero
1666 2409 1898 2470 negari
1957 2393 2200 2470 potest,

139 2471 376 2558 legum
432 2471 708 2536 latorem
768 2494 964 2555 quam
1023 2470 1523 2556 diligentissime
1584 2493 1815 2536 cavere
1874 2481 2201 2557 oportere,

37 2560 51 2641 ’ζ
141 2579 238 2622 ne
273 2556 674 2642 cupiditates
712 2556 866 2622 inde
910 2558 1210 2623 oriantur
1251 2558 1400 2643 ipsi¹
1422 2565 1698 2624 naturae
1758 2557 1863 2622 vel
1921 2557 2201 2622 maxime

39 2663 44 2723 ᾗ
141 2643 546 2710 contrariae.
635 2643 730 2708 Et
787 2665 912 2708 nos
957 2627 1224 2726 quidem
1267 2645 1397 2708 iam
1442 2652 1639 2708 antea
1685 2643 2001 2708 nonnulla
2043 2664 2199 2709 con-

140 2727 533 2811 stituimus,
593 2735 760 2813 quae
823 2727 908 2792 ad
963 2729 1282 2796 tuendam
1353 2727 1877 2812 servandamque
1950 2739 2198 2816 tempe-

37 2820 46 2898 ᾖ
141 2813 434 2881 tantiam
489 2823 558 2878 et
611 2814 1078 2882 continentiam
1137 2813 1418 2882 valeant.
1513 2812 1847 2895 Quorsum
1893 2815 2205 2899 pertinet,

145 2898 344 2984 quod
401 2899 669 2966 divitias
725 2899 1054 2966 voluimus
1116 2922 1157 2966 a
1213 2901 1485 2966 civitate
1532 2909 1763 2966 nostra
1807 2900 2044 2984 procul
2089 2899 2202 2966 ha-

141 2985 320 3067 beri,
367 3007 500 3068 qua
537 3005 672 3052 una
731 3007 802 3050 re
863 2986 1098 3052 mirum
1157 2997 1477 3070 quantum
1538 2983 1624 3049 ad
1667 2985 1849 3066 illaxm
1891 2985 2201 3050 virtutem

39 3084 44 3101 ·
140 3070 520 3158 proficitur.
645 3071 1000 3138 Praeterea
1093 3073 1290 3138 etiam
1377 3071 1805 3158 magistratus
1890 3068 2201 3134 iussimus

139 3177 367 3222 mores
432 3156 771 3242 vitamquc
826 3156 1068 3222 civium
1129 3158 1362 3223 sedulo
1423 3158 1811 3238 observare,
1842 3177 2007 3236 -quo
2052 3153 2201 3240 ipso

141 3263 422 3342 sperare
483 3241 640 3308 licet
683 3240 990 3310 effectum
1036 3241 1152 3326 iri,
1213 3252 1290 3309 ut
1355 3241 1606 3328 flagitia
1665 3240 2000 3324 nequitiae
2046 3263 2221 3324 pro--

141 3327 508 3393 iubeantur
569 3337 636 3392 et
691 3338 1059 3394 arceantur.
1163 3326 1301 3396 Sed
1361 3336 1612 3394 restant
1657 3326 1821 3407 alia,
1887 3347 2057 3409 quae
2118 3324 2200 3391 de

139 3412 254 3478 his
311 3414 509 3478 rebus
569 3412 962 3499 exponenda
1004 3414 1174 3495 sint,
1222 3438 1355 3499 quo
1400 3412 1643 3484 rectius
1690 3433 1892 3496 quum
1936 3411 2201 3478 omnino

139 3498 234 3564 de
289 3497 624 3582 lubidinis,
655 3499 980 3585 pravitate
1001 3549 1022 3582 ,
1065 3508 1207 3566 tum
1250 3499 1336 3564 de
1378 3520 1737 3586 puerorum
1780 3497 2018 3562 amoris
2061 3507 2201 3564 tur·

141 3581 454 3671 pitudine
523 3584 802 3651 iudicari
877 3593 1094 3670 queat.
1211 3585 1388 3650 Nam
1460 3607 1815 3668 puerorum
1888 3606 2197 3667 amorem,

142 3671 576 3756 quantumvis
634 3681 908 3736 naturae
953 3670 1352 3736 contrarium
1371 3719 1392 3753 ,
1436 3679 1658 3734 tamen
1701 3671 1885 3756 leges
1930 3668 2199 3758 Sparta-

141 3777 390 3822 norum
449 3764 516 3820 et
573 3753 988 3824 Cretensium
1048 3780 1182 3826 non
1246 3755 1555 3822 videntur
1634 3756 1795 3825 satis
1874 3760 2199 3822 coercere.

142 3839 262 3907 De
323 3839 432 3906 his
487 3841 692 3927 igitur
748 3841 950 3906 rebus
1007 3851 1083 3906 ut
1122 3851 1302 3908 recte
1348 3850 1717 3925 statuatur,
1764 3841 1893 3906 tria
1936 3841 2199 3906 omnino

145 3937 312 3994 sunt
374 3925 702 3992 amicitiae
763 3949 1007 4026 genera
1077 3925 1571 4015 distinguenda.
1674 3928 1780 3992 Ex
1836 3926 1941 3991 his
2000 3948 2198 3990 unum

144 4022 296 4094 est,
363 4010 543 4096 quod
617 4021 991 4078 continetur
1055 4014 1420 4080 animorum
1466 4011 1933 4092 similitudine,
2000 4033 2201 4093 quum

145 4097 454 4164 homines
511 4097 708 4164 simili
765 4098 874 4164 vel
918 4099 1176 4182 aequali
1221 4099 1463 4165 virtute
1506 4095 1789 4182 praediti
1830 4104 2057 4160 mutua
2100 4096 2201 4161 in·

145 4194 251 4248 ter
311 4206 387 4250 se
447 4181 910 4250 benevolentia
969 4193 1034 4250 et
1093 4185 1368 4250 caritate
1417 4183 1927 4266 coniunguntur.
2016 4181 2201 4246 Alte-

239 4305 384 4357 mat.
425 4304 566 4370 Opp.
603 4293 731 4358 ‘VoL
771 4301 836 4356 X.
877 4305 1015 4357 Sect.
1060 4307 1121 4358 ΙΙ.
1711 4299 1792 4363 26
