2857 4738
1897 411 1928 426 Ἦ

871 337 999 402 ΒΕ
1048 335 1470 404 LEGIBUS
1516 346 1623 401 ete
1905 367 1913 371 ·
2157 335 2264 400 IX

206 505 489 572 eundem
550 517 775 572 tamen
842 530 989 574 eum
1047 507 1353 594 populari
1412 507 1728 594 religione
1790 507 2064 593 propius
2107 527 2262 572 con-

208 593 549 670 iunctum3
610 615 859 658 mores·
888 613 1087 678 porro
1162 592 1478 680 pristinos
1543 602 1608 658 et
1675 595 1979 660 instituta
2050 593 2264 676 patria

210 677 417 742 multa
464 677 677 742 voluit
716 679 965 744 servari
1010 701 1087 744 ac
1131 679 1401 744 retineri
1413 704 1434 756 >;
1477 677 1766 762 denique
1785 678 2260 765 ¹rempublicam

208 782 351 830 eam
406 761 809 850 descripsit,
874 786 1045 848 quae
1104 788 1235 831 non
1308 778 1486 832 esset
1549 764 1743 850 plane
1809 763 2166 830 abhorrens
2221 787 2260 828 a

210 848 495 935 legibue,
546 849 881 932 moribus,
932 847 1281 935 disciplina
1322 859 1395 916 et
1433 851 1755 916 institutis
1799 848 2046 914 dudum
2085 871 2260 916 com-

122 999 137 1013 ,
208 934 393 1000 muni
438 955 567 1000 usu
610 945 683 1000 et
730 935 1212 1003 consuetudine
1264 935 1549 1022 receptis
1597 946 1796 1020 atque
1839 937 2259 1002 consecratis.

216 1019 405 1084 Haec
465 1019 487 1082 i
538 1019 672 1085 itur
729 1029 961 1086 tenens
1016 1032 1217 1106 atque
1278 1022 1474 1086 etiam
1513 1022 1580 1084 in
1623 1019 2007 1086 disserendo
2036 1023 2258 1107 ⁵respi-

212 1105 396 1170 ciens
453 1044 890 1192 pffiilosophus
950 1129 1031 1171 n’e
1085 1107 1297 1172 voluit
1354 1105 1644 1191 quidem·
1663 1106 1860 1172 altius
1905 1105 2260 1171 escendere

212 1189 297 1255 ad
358 1213 583 1255 rerum
639 1190 1045 1276 divinarum,
1114 1194 1197 1257 ab
1254 1192 1578 1258 humanae
1637 1193 1810 1270 vitae
1883 1191 2258 1256 conditione

213 1277 679 1359 remotiorum,
756 1278 1211 1362 quaestionem
1271 1286 1387 1342 aut
1457 1277 1970 1364 expositionem,
2033 1275 2283 1344 verum'

211 1362 379 1426 satis
426 1361 661 1426 habuit
702 1362 772 1425 in
817 1362 1075 1450 vulgari
1130 1362 1456 1449 sapientia
1501 1365 1774 1448 eiusque
1822 1363 2258 1446 explicatione

208 1446 598 1529 subsistere,
628 1449 1143 1514 ratus‘nimirum
1174 1450 1532 1532 verissime,
1569 1447 2084 1514 succurrendum
2115 1471 2257 1514 esse

204 1533 417 1616 ipsius
461 1532 637 1596 vitae
682 1534 1049 1598 rationibus
1094 1542 1293 1616 atque
1338 1533 1472 1599 hoc·
1509 1533 1874 1620 agendum,
1926 1543 1998 1596 ut
2043 1535 2262 1598 omnia

208 1640 409 1702 quam
458 1617 761 1685 facillime
808 1629 1083 1704 possent
1126 1619 1211 1683 ad
1236 1626 1644 1685 communem
1691 1619 2022 1684 hominum
2065 1642 2257 1684 usum

206 1698 553 1768 transferri
599 1710 665 1768 et
705 1705 1208 1770 accommodari.
1304 1706 1472 1770 Nam
1513 1728 1706 1770 verae
1752 1706 2040 1770 civitatis
2083 1707 2258 1770 eius·

208 1811 337 1874 que
399 1788 921 1872 perfectissimae
978 1791 1277 1877 exemplo
1350 1792 1550 1856 etiam
1611 1791 1786 1857 veris
1847 1791 2252 1873 civitatibuS,

206 1873 443 1958 quales
488 1874 691 1960 vulgo
736 1875 1157 1957 haberentur,
1206 1877 1522 1963 prodesse
1569 1877 1796 1941 voluit.
1888 1876 2089 1958 Quod
2134 1877 2258 1964 igi-

204 1971 317 2024 tur
376 1957 703 2024 Cicero
786 1962 855 2024 in
909 1961 1209 2048 Legibus
1257 1963 1404 2028 'suis
1469 1972 1792 2046 sequutus
1859 1971 1992 2044 est,
2049 1973 2124 2026 ut
2178 1963 2272 2026 in·

205 2045 643 2130 popularibus
706 2047 939 2110 rebus‘
988 2047 1401 2134 explicandis
1445 2048 1641 2112 etiam
1703 2049 2083 2146 loqueretur
2137 2066 2256 2134 po·
2340 2081 2345 2084 ·

206 2130 548 2216 pulariter,
594 2129 769 2194 idem
798 2131 991 2197 Plato
1028 2150 1301 2218 ‘quoque
1344 2135 1584 2200 fecisse
1627 2133 1989 2197 existimari
2033 2133 2255 2215 debet,

206 2217 333 2301 qni,
380 2215 895 2304 prudentissime
949 2216 1337 2303 disputandi
1404 2240 1618 2306 genus
1680 2241 1829 2284 cum
1881 2239 2100 2282 rerum
2147 2241 2257 2282 ex-

204 2299 661 2387 plicandarum
745 2303 999 2368 ratione
1082 2305 1454 2371 consentire
1525 2313 1830 2389 oportere
1915 2300 2256 2366 iudicavit.

210 2386 629 2471 Quamquam
684 2388 793 2453 ille
839 2390 947 2456 vel
992 2391 1089 2454 sic
1134 2412 1213 2453 eo
1246 2388 1458 2455 'modo
1503 2388 1904 2474 disputavit,
1953 2397 2030 2453 ut
2072 2388 2290 2475 inge-”-

208 2473 307 2537 nii
366 2473 467 2537 sui
532 2473 931 2539 documenta
1001 2474 1377 2541 exhibuerit
1431 2473 1976 2540 luculentissima.
2081 2472 2256 2539 Nam

204 2558 275 2623 in
320 2556 403 2623 iis
448 2558 715 2642 quidem
764 2560 1024 2648 Legum
1083 2558 1403 2648 partibus,
1453 2582 1623 2645 quae
1667 2560 1916 2627 ferrent
1958 2558 2256 2625 dialecti-

202 2668 351 2710 cam
442 2644 947 2730 explicationem
962 2694 982 2731 ‚
1026 2684 1034 2691 ·
1094 2646 1490 2731 quamquam
1567 2644 1937 2731 disputavit
2010 2656 2258 2729 quanta

204 2728 493 2793 maxima
552 2732 773 2815 potuit
832 2754 981 2797 cum
1038 2732 1493 2818 simplicitate,
1549 2732 1754 2796 veluti
1797 2732 1866 2795 in
1905 2731 2096 2796 libris
2140 2732 2258 2796 tri-

204 2816 333 2881 bus
414 2816 750 2901 prioribus
820 2840 902 2883 ac
960 2817 1127 2883 libro
1192 2817 1483 2899 decimo,
1542 2827 1766 2882 tamen
1818 2818 1983 2881 satis
2062 2825 2256 2886 acute

202 2901 677 2987 eleganterque
731 2901 1069 2969 disseruit.
1158 2903 1331 2971 Aliis
1388 2918 1610 2968 autem
1665 2903 1830 2968 locis
1874 2902 2072 2967 missa
2115 2900 2255 2973 dia-

198 2987 447 3051 lectica
488 2985 977 3073 disceptatione
1021 2988 1536 3075 prudentissime
1556 2988 1742 3076 gravi
1787 2997 1858 3053 et
1899 2987 2257 3073 magnifica

204 3094 371 3137 usus
430 3094 577 3138 esse
622 3072 949 3158 reperitur
1008 3075 1342 3158 oratione,
1382 3085 1464 3139 ut
1509 3096 1712 3159 quum
1756 3073 2253 3158 temperantiae,

202 3156 503 3223 iustitiae
576 3169 780 3242 atque
852 3160 1119 3247 pietatis
1190 3160 1411 3226 officia
1477 3159 1714 3233 laudat·
1783 3167 1852 3221 et
1923 3178 2254 3221 commen-

204 3244 365 3325 dat,
408 3241 479 3307 id
524 3244 705 3332 quod
748 3244 828 3309 fit
866 3245 1183 3331 imprimis
1233 3247 1303 3311 in
1346 3246 1702 3333 prooemiis
1747 3242 1902 3326 illis,
1951 3264 2117 3327 quae
2161 3243 2254 3308 le-
2309 3281 2312 3291 ·

200 3327 403 3413 gibus
458 3331 601 3393 suis
662 3332 887 3413 quum=
936 3332 1265 3399 universis
1322 3342 1472 3397 tum·
1531 3329 1812 3417 singulis
1890 3329 2250 3418 praemisit.

202 3413 538 3479 Nimirum
600 3414 767 3481 istos
824 3416 1005 3483 locos
1053 3427 1251 3503 atque
1296 3418 1460 3484 alios
1506 3414 1828 3501 quosdam
1871 3414 2117 3479 similes
2161 3415 2254 3479 le-
2300 3471 2308 3476 ,

202 3522 370 3585 gens
420 3498 629 3565 durus
668 3501 759 3566 sit
801 3503 1097 3588 protecto
1142 3526 1221 3569 ac
1265 3526 1473 3589 prope
1517 3504 1770 3567 ferreus
1813 3522 2082 3566 necesse
2129 3511 2252 3583 est,

202 3585 320 3668 qui
364 3605 501 3649 non
546 3590 863 3670 protenus
907 3590 1170 3671 sentiat,
1218 3591 1288 3655 in
1318 3610 1573 3654 summa
1604 3588 1757 3669 ista,
1803 3608 1968 3669 quae
2007 3587 2077 3649 in
2124 3586 2252 3651 Le-

202 3670 405 3756 gibus
470 3669 879 3756 dominatur,
925 3673 1391 3760 disputationis
1437 3672 1856 3758 s‘implicitate
1909 3680 1982 3736 ‘at
2030 3694 2112 3736 ue
2142 3681 2253 3755 *te-

204 3755 463 3820 nuitate
492 3765 715 3821 tamen
749 3758 971 3845 vigere
1002 3760 1157 3825 item
1184 3782 1468 3826 sensum
1515 3757 1842 3845 quendam
1887 3757 2007 3821 sub
2035 3757 2252 3820 imita-

204 3841 297 3906 tis
344 3863 425 3905 ac
470 3843 1027 3928 magnanimitatis
1054 3845 1282 3931 plane-
1304 3844 1782 3925 admirabilem,
1831 3843 1948 3927 qui-
1986 3841 2252 3927 egregie

202 3935 631 4013 comparatus
672 3928 763 3993 sit
809 3929 893 3994 ad
912 3950 915 3955 ·
936 3930 1235 3996 homines
1282 3932 1480 3995 etiam
1513 3927 1876 3995 mediocres
1911 3927 2081 3991 ultra
2109 3925 2252 3989 vul-

200 4034 431 4099 garem
488 4012 662 4077 vitae
712 4014 1143 4080 bumilitatem
1188 4015 1602 4082 extollendos
1647 4026 1714 4079 et
1758 4014 2074 4077 maiorum
2120 4011 2250 4075 cel·-
2300 4038 2314 4043 ·

201 4097 455 4163 siorum
502 4120 589 4163 uve
642 4122 857 4173 rerum
919 4100 1223 4168 sensibus
1280 4111 1349 4166 et
1388 4100 1908 4187 cogitationibus
1957 4094 2254 4164 imbuen-

202 4182 353 4249 dos.
456 4119 789 4263 Quocirca
846 4184 1185 4271 popularis
1244 4208 1402 4252 sane.
1473 4186 1802 4271 sapientia
1833 4191 1998 4266 .est,
2059 4204 2255 4267 quam
