2857 4738
766 340 769 345 ·
829 342 1093 409 LIBRI
1149 296 1564 410 saprum.
1933 408 1940 414 ,
2096 351 2214 413 241

121 514 451 581 sublatis
512 522 695 586 certe
754 536 887 583 non
948 525 1053 584 est
1092 516 1383 593 futurum
1400 566 1419 599 ,
1479 524 1555 581 ut
1597 540 1699 583 ea·
1719 518 1912 583 firma
1956 540 2034 588 ac
2085 532 2218 586 sta-

122 600 309 667 bilis
354 600 613 666 existat
665 601 768 687 (p.
816 602 965 667 793.
1012 604 1098 667 A.
1144 640 1219 651 -·-
1259 602 1415 685 ·D.).
1460 640 1543 651 —
1633 600 1768 671 Sed
1812 608 2218 677 revertamur

122 685 227 751 ad
296 684 775 753 educationem
833 710 1207 774 puerorum.
1307 686 1504 769 Quae
1547 687 1569 751 i
1621 688 1750 755 'tur
1791 691 2017 774 paullo
2063 699 2214 769 ante

122 770 499 854 diximus,
562 792 642 835 ea
700 781 877 839 certe
931 772 1185 839 iuvabit
1236 794 1454 857 usque
1529 796 1568 837 a
1623 804 1628 807 ·
1671 777 1942 841 tertium
2009 776 2213 841 ferme

116 879 417 923 annum
462 856 715 922 aetatis·
740 858 810 922 in
865 858 945 925 iis
989 857 1355 925 nutriendis
1400 858 1898 944 educendisque·
1939 859 2214 948 diligen-

114 952 239 1008 ter
316 942 718 1007 observasse
780 966 860 1009 ac
916 944 1249 1009 tenuisse·
1346 943 1491 1009 Iam
1562 967 1718 1011 vero
1775 946 1930 1013 inde
1970 947 2092 1013 ’ab‘
2132 952 2210 1011 eo

112 1038 467 1113 tempore
527 1050 740 1112 usque
802 1028 889 1093 ad
952 1038 1213 1095 sextum
1274 1029 1509 1095 aetatis
1575 1052 1817 1096 annum
1871 1032 2056 1097 lusus
2125 1031 2208 1099 ab
2260 1044 2265 1051 “

111 1115 213 1181 iis
277 1113 758 1178 instituantur.
790 1148 815 1157 ··
862 1112 1195 1195 Quocirca
1251 1116 1444 1201 pueri
1501 1137 1578 1181 ac
1637 1116 1898 1199 puellae
1957 1117 2027 1181 in
2087 1121 2210 1182 suo

114 1198 415 1347 qui3ue
460 1198 611 1263 vico
654 1198 1170 1287 congrediantur
1212 1200 1383 1264 inter
1430 1222 1501 1265 se
1537 1199 1990 1281 colludentes;
2041 1221 2210 1286 quos

114 1284 255 1369 qui
318 1306 435 1349 em
492 1281 677 1349 lusus
734 1284 1111 1350 moderetur
1140 1311 1165 1333 ‘-
1179 1286 1413 1371 mulier
1470 1283 1728 1370 aliqua,
1791 1308 1872 1350 ex
1929 1287 2207 1373 singulis

112 1369 468 1435 tribubus
525 1367 611 1432 ad
666 1368 739 1433 id
796 1371 1048 1455 negotii
1112 1369 1404 1451 delecta,
1471 1393 1639 1454 quae
1693 1369 1851 1435 item
1911 1372 2205 1436 nutrices

114 1456 476 1522 observet
530 1470 777 1538 easque
834 1451 1059 1521 officia
1117 1478 1236 1521 sua
1310 1456 1664 1537 admoneat
1721 1455 2203 1544 immorigeras-

114 1563 277 1626 que
345 1538 587 1624 puniat
628 1540 727 1626 (p.
774 1542 917 1606 793.
964 1542 1047 1617 E.
1089 1544 1364 1613 -‚794.
1410 1542 1548 1625 Β.).
1599 1576 1680 1589 ·--
1783 1540 2202 1609 Sedexacto

112 1634 341 1695 sexto
408 1624 657 1711 aetatis,
700 1634 885 1695 anno·
934 1626 1227 1691 severior
1267 1626 1524 1693 initium
1571 1626 1803 1713 capiat
1834 1626 2202 1713 disciplina

113 1714 323 1785 Tum
372 1710 550 1775 enim
606 1709 793 1795 pueri
836 1734 876 1775 a
916 1712 1157 1797 puellis
1200 1720 1672 1799 segregentur,
1725 1712 2204 1798 tradanturque

112 1795 493 1880 magistris
553 1818 631 1860 eo
689 1796 1024 1881 consilio„
1048 1805 1122 1864 ut
1173 1797 1243 1860 in
1291 1796 1688 1881 equitando',
1734 1798 2059 1882 vehendo,
2105 1800 2202 1864 ia—

116 1880 465 1963 culandO,
510 1879 795 1964 denique
843 1882 1041 1948 armis
1095 1882 1464 1948 tractandis
1507 1882 1952 1949 instituantur>
1977 1893 2046 1950 et
2087 1907 2200 1949 ex·

111 1974 518 2035 erceantur.
564 2047 567 2049 v
619 1964 945 2048 'Quarum
1034 1967 1299 2051 quidem
1370 1991 1589 2043 rerum
1669 1969 1907 2033 notitia
1974 1970 2200 2055 aliqua

111 2054 349 2119 etiam
410 2050 665 2137 puellae
722 2051 1125 2119 imbuantur.
1232 2053 1317 2118 In
1386 2053 1563 2122 omni
1621 2060 1842 2119 autem
1899 2053 2026 2117 hoc
2082 2078 2198 2119 ne—

114 2138 337 2227 gotio
384 2134 705 2221 imprimis
749 2137 913 2205 illud
944 2138 1399 2223 ,spectandum
1445 2148 1585 2221 est,
1637 2138 2028 2223 quodproh
2077 2137 2196 2203 do-

110 2226 235 2289 lor
302 2222 439 2287 iam
497 2221 701 2288 nimis·
747 2224 919 2311 negl'
972 2220 1139 2305 itur,
1217 2232 1295 2288 ut
1349 2244 1576 2287 omnes
1651 2230 1928 2307 utraque
1997 2245 2197 2289 manu

112 2311 309 2376 fiant
374 2307 583 2398 agiles
642 2328 857 2394 neque
964 2318 1189 2380 extera
1244 2316 1502 2374 tantum
1557 2304 1834 2373 utantur
1887 2309 1982 2394 (p.
2044 2310 2079 2369 7
2085 2310 2190 2376 94.

114 2395 207 2462 C.
264 2431 359 2442 —
408 2395 552 2458 795.
598 2393 757 2477 D.).-
806 2433 881 2442 -
988 2395 1163 2462 Sunt
1220 2395 1377 2459 vero
1436 2402 1632 2474 arteS,
1681 2393 1920 2478 quibus
1957 2393 2193 2468 ‘iuven-

108 2479 719 2565 tutem-impcrtiri
764 2479 867 2545 fas
911 2489 1035 2564 est,
1082 2479 1365 2566 duplicis
1412 2479 1672 2564 generis
1688 2526 1709 2559 ,
1756 2477 2190 2565 gymnastica,

114 2587 316 2652 quae
380 2563 464 2628 ad
524 2586 765 2649 corpus
811 2575 1106 2650 spectat,
1162 2574 1233 2630 et
1274 2566 1592 2646 musica,
1633 2585 1801 2647 quae
1870 2563 2048 2629 valet
2105 2565 2193 2629 ad

110 2655 392 2720 bonum
475 2649 675 2714 animi
708 2681 719 2688 ·
760 2649 1055 2716 habitum
1142 2647 1581 2716 efficiendum.
1629 2675 1642 2684 ‘
1674 2700 1681 2707 .
1716 2647 2190 2734 Gymnast'icae

104 2757 375 2808 rursus
438 2735 609 2802 duae
656 2737 813 2816 sunt
904 2735 1103 2817 arteS,
1154 2735 1418 2804 saltatio
1463 2734 1698 2816 altera,
1739 2735 1948 2800 altera
1989 2735 2188 2802 luctass

105 2824 225 2890 Et
290 2819 662 2888 saltationis
718 2822 835 2906 qui
884 2845 985 2888 em
1032 2822 1235 2888 altera
1278 2819 1432 2907 'pars
1477 2819 1842 2885 imitatione
1884 2821 2192 2906 exprimit

106 2906 500 2976 dictionem
544 2907 905 2992 poeticam,
967 2908 1060 2972 ita
1114 2916 1192 2972 ut
1228 2906 1427 2974 simul
1461 2913 1772 2970 servetur
1825 2905 2188 2971 liberalitas

108 3003 193 3060 et
266 2991 765 3077 magnificentia
820 2992 1145 3077 quaedam
1210 2991 1448 3056 mentis
1511 2998 1580 3053 et
1639 2989 1923 3075 ingenii3
1983 2991 2190 3054 altera

110 3081 406 3166 spectat
436 3076 519 3142 ad
565 3078 811 3144 bonum
856 3078 1149 3158 corporis
1193 3076 1518 3156 habitum,
1565 3075 2005 3139 membrorum
2045 3074 2186 3158 agi·

100 3165 389 3230 litatem
446 3170 515 3226 et
565 3161 889 3230 decorem.
952 3162 1093 3242 ‚Ad
1146 3162 1391 3228 luctam
1435 3167 1658 3226 autem
1701 3157 1890 3244 quod·
1921 3159 2184 3241 attinet,

108 3256 295 3315 sunt
346 3245 611 3330 quidem
655 3247 725 3314 in
764 3271 842 3313 ea
889 3247 1233 3336 quaedam,
1282 3258 1452 3331 'quae
1500 3243 1811 3330 quoniam
1853 3241 2014 3307 nihil
2055 3243 2184 3308 uti-'

105 3333 347 3400 litatis
408 3331 492 3396 ad
551 3354 743 3410 usum
803 3334 959 3400 belli
1022 3333 1407 3414 conferunt,
1486 3330 1596 3395 hic
1665 3351 1800 3392 non
1872 3327 2186 3395 videntur

105 3417 479 3488 memorari
526 3427 869 3505 oportere,
916 3417 1125 3486 veluti
1168 3441 1337 3504 quae
1381 3418 1684 3482 Antaeus
1729 3413 1836 3481 vel
1879 3413 2184 3502 Cercyon

112 3513 197 3570 et
252 3504 551 3588 Amycus
596 3504 665 3568 in
710 3505 963 3572 artibus
1010 3503 1148 3569 suis
1195 3503 1704 3568 constituerunt.
1778 3496 1986 3580 'Quae
2024 3501 2182 3566 vero

100 3591 191 3655 in
240 3595 427 3652 recta
469 3587 649 3654 lucta
693 3605 1101 3672 exercentur,
1148 3611 1249 3672 ea,
1298 3585 1564 3674 quando
1607 3585 1768 3649 illuc
1807 3585 1878 3650 in
1921 3585 2182 3672 legibus

102 3671 511 3742 scribendis·
532 3673 734 3740 delati
778 3677 1043 3759 erimuS,
1092 3697 1293 3759 quum
1330 3671 1677 3756 discipulis
1707 3677 1848 3734 tum
1892 3671 2179 3737 doctori·-

103 3763 253 3828 bus
312 3759 836 3843 exponenda-et
906 3757 1417 3846 praescribenda
1487 3765 1699 3822 erunt.
1815 3757 1966 3822 Nec
2022 3778 2180 3820 vero

102 3843 536 3913 omittendae
590 3853 748 3910 sunt
804 3846 1163 3912 chororum.
1207 3842 1641 3924 imitationes,
1698 3863 1868 3927 quae
1915 3839 2183 3926 quidem

106 3931 553 4004 conveniant.
660 3929 910 4012 Quales
968 3939 1125 3996 sunt
1166 3929 1235 3993 in
1264 3927 1482 3994 Creta
1527 3926 1846 3996 Curetum
1889 3923 2030 3989 lu‘di
2075 3945 2177 3986 ar·-

104 4016 319 4098 mati,
388 4014 897 4082 Lacedaemone
960 4015 1103 4083 ludi
1144 4015 1214 4078 in
1258 4011 1558 4078 Castoris
1615 4021 1684 4076 et
1728 4008 2016 4075 Pollucis
2049 4006 2176 4073 ‘ho-

108 4125 355 4169 norem
432 4100 737 4167 instituti.
824 4095 948 4167 'Et
1020 4099 1471 4166 Athenarum.
1533 4117 1797 4180 quoque
1893 4099 2177 4176 patrona
2200 4155 2218 4171 ‚
2273 4165 2290 4178 ⁸

110 4190 409 4255 choreae
455 4184 647 4252 ludis·
675 4185 1005 4252 delectata
1063 4183 1257 4250 nudis
1314 4181 1616 4248 manibus
1675 4200 1810 4244 non
1871 4197 2016 4244 esse
2073 4176 2218 4268 ¹¹¹·'3'
2269 4193 2420 4296 3³5

216 4293 363 4344 mat.
405 4289 545 4353 opp.
588 4265 815 4340 voijx.
856 4289 1001 4348 sm„
1038 4289 1097 4340 n.
1687 4282 1762 4348 16
