2857 4738
644 321 881 388 LXIV
1304 319 2034 389 PROLEGOMENA

646 491 949 578 ptoribus
996 490 1381 578 repudiata,
1441 503 1582 558 tum
1627 499 1744 556 aut
1785 514 2155 579 synonyma
2197 502 2352 558 sunt
2397 493 2704 578 reliquis,

647 591 723 643 ut
778 577 1045 642 Platoni
1102 577 1283 642 haud
1349 578 1550 642 dubie
1605 578 1793 662 optio
1837 601 2066 644 eorum
2111 577 2542 644 concedenda
2585 581 2704 662 sit,

647 672 765 727 aut
804 665 889 728 ab
935 663 1105 746 aliis,
1152 686 1323 748 quae
1366 663 1678 729 videntur
1717 663 1800 728 iis
1842 685 2232 751 synonyma,
2279 665 2344 730 vi
2395 673 2462 730 et
2491 665 2704 752 signi-

646 749 957 814 ficatione
1023 771 1144 814 sua
1199 750 1502 815 nonnihil
1561 748 1820 815 diversa
1875 757 2067 831 sunt,
2125 759 2202 813 ut
2257 771 2420 816 usus
2469 773 2704 815 eorum

646 835 848 900 fuerit
890 837 1325 899 necessarius
1416 835 1592 898 Nam
1633 843 1708 897 ut
1749 856 1790 896 a
1831 835 2158 899 vocabulo
2203 836 2461 917 βλάβος
2503 859 2702 902 exor-

648 919 939 1001 diamur,
998 917 1261 1002 βλαβην
1315 927 1594 984 ἐκτίνειν
1650 919 2027 984 iustissimis
2073 921 2156 984 de
2203 922 2457 986 caussis
2502 944 2702 986 nemo

650 1007 998 1090 quisquam
1058 1002 1257 1084 dixit3
1366 1006 1747 1069 uamobrem
1809 1005 1994 1070 Libr.
2064 1006 2262 1070 VIII.
2308 1031 2372 1110 p.
2419 1008 2567 1073 843.
2617 1006 2700 1072 C.

646 1090 1020 1155 necessario
1074 1139 1079 1144 -
1111 1088 1301 1156 dicen
1356 1113 1466 1154 um
1555 1091 1713 1154 fuit:
1805 1091 1883 1154 τὸ
1966 1092 2224 1172 βλάβος
2297 1099 2702 1175 αποτινέτω,

650 1175 1035 1240 damnum
1094 1177 1553 1257 restituat,
1627 1198 1758 1258 qua
1833 1175 1978 1260 ipsa
2034 1176 2316 1240 formula
2374 1198 2534 1243 usus
2597 1188 2703 1243 est

652 1261 849 1326 etiam
922 1260 1538 1346 Demosthenes
1599 1260 1747 1326 adv.
1807 1261 2111 1325 Midiam.
2149 1286 2212 1348 p.
2259 1263 2406 1326 528.
2454 1273 2530 1326 ut
2571 1286 2703 1328 nec

650 1344 962 1412 audiendi
1024 1345 1158 1410 sint
1214 1347 1538 1411 Moeris
1596 1369 1660 1432 p.
1727 1347 1866 1410 103.
1927 1357 1994 1414 et
2049 1346 2412 1412 Thomas
2480 1349 2698 1435 Mag.

651 1455 713 1516 p.
767 1436 933 1508 154..
990 1430 1313 1515 βλάβος
1377 1431 1669 1498 dicentes
1730 1453 1874 1496 esse
1922 1431 2256 1515 Ἀττικόν,
2308 1441 2378 1497 et
2419 1431 2702 1517 βλάβή

654 1517 918 1583 κοινόνε
982 1515 1065 1580 ad
1124 1541 1294 1601 quos
1352 1543 1413 1581 v.
1476 1518 1905 1602 interpretum
1965 1527 2256 1584 annotat.
2346 1518 2493 1583 Nec
2539 1542 2700 1584 vero

652 1602 866 1688 Legg.
914 1601 1043 1667 IX.
1092 1626 1155 1686 p.
1202 1605 1347 1667 873.
1394 1601 1480 1671 O.
1509 1625 1628 1688 pro
1656 1603 1941 1685 αἰσχύνη
1963 1600 2224 1685 ἄπορος
2255 1609 2366 1682 καὶ
2407 1604 2698 1687 ἄβιος.

650 1686 716 1752 h.
760 1710 817 1752 e.
860 1687 1654 1772 inexsuperabilis,
1700 1687 2339 1772 intolerabilis,
2387 1689 2520 1754 dici
2577 1713 2701 1774 po*

651 1772 781 1836 tuit
824 1771 1151 1851 ἀβίωτος,
1214 1773 1277 1836 h.
1342 1795 1397 1836 e.
1445 1795 1602 1837 non
1661 1773 1958 1838 vitalis
2003 1782 2088 1839 ‘et
2129 1776 2360 1840 vitae
2405 1777 2701 1841 fructu

652 1855 1123 1940 destituta,
1170 1856 1351 1941 quod
1396 1857 1884 1923 subabsurdum
1941 1859 2133 1925 foret.
2228 1862 2436 1924 Porro
2493 1859 2697 1944 ἀχά-

652 1965 990 2023 ριστον,
1052 1943 1234 2026 quod
1287 1943 1536 2030 legitur
1591 1943 1702 2008 bis·
1755 1944 1938 2010 Libr.
1999 1945 2122 2010 VI.
2183 1970 2246 2032 p.
2306 1948 2451 2012 761.
2497 1947 2586 2010 D.
2635 1956 2703 2010 et

652 2026 783 2092 XI.
842 2051 907 2112 p.
971 2029 1118 2106 935.
1176 2029 1262 2092 A.
1320 2029 1520 2092 etiam
1577 2028 1646 2092 in
1703 2029 2080 2096 Menexeno
2141 2040 2246 2095 est
2301 2056 2365 2116 p.
2426 2034 2573 2098 248.
2619 2030 2702 2096 C.

629 2113 853 2196 'atque
915 2114 1372 2196 frequentatur
1426 2117 1582 2178 item
1641 2136 1680 2177 a
1709 2115 2177 2200 *Xenophonte
2219 2116 2496 2200 aliisque
2539 2117 2702 2181 scri-

650 2197 993 2284 ptoribus,
1056 2208 1130 2262 ut
1188 2221 1319 2263 non
1386 2208 1816 2285 exputemus.,
1867 2224 1986 2265 cur
2026 2201 2240 2266 visum
2285 2203 2375 2266 sit
2419 2202 2702 2268 insolen-

652 2284 811 2365 tius,
858 2284 1245 2368 praesertim
1298 2309 1499 2372 quum
1545 2308 1628 2350 ne
1671 2287 1962 2372 potuerit
1997 2286 2264 2368 quidem
2307 2309 2458 2352 cum
2503 2285 2704 2375 ἄχαρι

652 2369 1049 2455 permutari,
1113 2369 1293 2455 quod
1348 2395 1483 2437 uno
1540 2372 1688 2437 loco
1739 2372 2024 2437 Phaedri
2071 2396 2134 2457 p.
2183 2374 2328 2439 265.
2382 2374 2466 2437 D.
2515 2395 2702 2459 repe-

652 2456 839 2521 ritur.
944 2456 1087 2519 Iam
1147 2478 1305 2521 vero
1364 2457 1542 2541 quod
1601 2458 1788 2522 Libr.
1851 2459 1970 2526 VI.
2077 2506 2094 2523 .
2154 2462 2302 2525 770.
2369 2460 2449 2523 Ε.
2509 2457 2702 2524 δού-

652 2544 885 2605 λειον
942 2541 1360 2622 ὑπομείνασα
1420 2543 1715 2624 ζυγόν,
1777 2552 1844 2607 et
1906 2542 2009 2607 VI
2053 2591 2068 2608 .
2099 2570 2104 2575 ·
2135 2566 2198 2628 p.
2267 2546 2410 2608 790.
2457 2546 2542 2607 A.
2587 2569 2702 2629 γυ-

652 2634 911 2689 ναικεῖα
968 2628 1080 2687 καὶ
1142 2625 1506 2689 δούλεια
1569 2623 1744 2705 ἤθη
1803 2631 2173 2711 γυναικῶν,
2231 2639 2700 2713 memorantur,

655 2731 858 2792 quum
889 2706 1152 2775 Politic.
1182 2732 1248 2793 p.
1296 2710 1443 2773 309.
1487 2711 1574 2775 A.
1623 2709 1698 2775 τὸ
1731 2712 2048 2778 δουλικὸν
2079 2721 2297 2795 γένος,
2327 2724 2394 2779 et
2428 2714 2702 2779 Theaet.

653 2818 717 2880 p.
774 2795 912 2858 175.
956 2791 1038 2855 E.
1086 2794 1365 2858 δουλικὰ
1403 2793 1872 2879 διακονήματα
1911 2798 2350 2881 inveniamu8‚
2401 2799 2560 2885 quid
2607 2800 2702 2864 rei

652 2879 778 2958 sit,
840 2899 1041 2961 quum
1097 2877 1291 2943 facile
1350 2888 1576 2965 pateat
1632 2905 1714 2947 ex
1757 2882 1860 2965 iis,
1911 2906 2079 2969 quae
2125 2884 2702 2950 Buttmannus

654 2961 1019 3027 Grammat.
1078 2964 1405 3051 Amplior.
1465 2966 1619 3049 Vol.
1687 2968 1781 3032 ΙΙ.
1844 2970 2022 3033 Part.
2055 2969 2178 3033 ⁷II.
2249 2990 2338 3055 ps
2394 2973 2519 3036 338
2602 2994 2699 3055 sq.

653 3050 712 3133 ξ.
763 3050 908 3113 119.
972 3049 1075 3109 70.
1139 3047 1219 3113 de
1299 3049 1674 3117 discrimine
1733 3052 2206 3119 adiectivorum
2266 3056 2334 3120 in
2397 3080 2578 3131 ειος
2637 3066 2703 3120 et

653 3160 729 3199 ικ
752 3159 785 3197 ο
808 3160 839 3209 ς
902 3132 1400 3201 terminatorum
1483 3136 1842 3223 disputavit
1861 3188 1880 3220 ,
1975 3148 2114 3203 tum
2184 3140 2422 3206 clari-us
2503 3143 2698 3207 etiam

614 3274 617 3277 ,
650 3218 1011 3305 perspicias
1042 3240 1125 3283 ex
1154 3220 1484 3287 Homer.
1531 3222 1782 3311 Odyss‚
1823 3227 1930 3306 24,
1979 3228 2125 3289 251.
2163 3224 2470 3291 δούλειον
2501 3226 2699 3304 εἶδος.

651 3305 818 3391 Aes
842 3302 1063 3390 chyl.
1108 3304 1295 3391 Sept.
1342 3309 1444 3371 75.
1493 3308 1749 3389 ζυγοῖσι
1795 3314 2178 3377 δουλείοισι.
2225 3312 2510 3395 Eurip.
2559 3316 2698 3377 An-

653 3386 861 3453 drom.
938 3392 1085 3455 302.
1155 3390 1377 3472 ζυγὸν·
1418 3392 1744 3459 δούλειον.
1821 3394 2064 3461 Troad.
2144 3399 2331 3462 1331.
2389 3397 2695 3462 δούλειον

650 3472 911 3555 ἡμέραν
977 3476 1167 3557 βίους
1228 3478 1297 3541 in
1356 3479 1662 3561 qualibus
1719 3479 1885 3545 locis
1943 3489 2126 3545 certe
2183 3479 2499 3545 δουλικόν
2542 3506 2696 3548 nus·

652 3580 850 3641 quam
893 3560 1207 3647 reperias,
1252 3562 1331 3628 ut
1374 3563 1650 3643 δουλικὴ
1696 3564 1855 3647 τύχη
1900 3565 2078 3650 apud
2123 3565 2349 3630 Malal.
2393 3570 2546 3651 401,
2599 3572 2695 3633 14.

652 3643 977 3711 citerioris
1025 3643 1287 3713 demum
1330 3646 1731 3714 Graecitatis
1759 3651 2097 3736 proprium
2143 3651 2468 3717 videatur.
2557 3651 2694 3718 Ness

652 3751 781 3814 que
848 3730 1039 3794 aliter
1102 3733 1610 3797 existimandum
1671 3734 1753 3799 de
1813 3757 1891 3805 eo
1951 3745 2084 3818 est,
2151 3736 2332 3818 quod
2373 3731 2564 3802 Libr.
2609 3738 2695 3802 V.

650 3839 716 3902 p.
764 3816 908 3879 747.
954 3816 1035 3879 Β.
1080 3818 1385 3882 παίδειον
1408 3819 1732 3902 μάθημα.
1779 3820 1943 3885 VII.
1976 3844 2042 3906 p.
2089 3824 2234 3887 810.
2273 3822 2360 3887 Α.
2404 3825 2694 3887 παίδειαι

650 3901 1531 4073 {3‘‡“‹{:.‘²'³1}.¹·q¹ss';.543;..³?{.
1552 3906 1846 4075 ffpzzffgga
1879 3904 2694 4076 zzffffffissfflssffuff

1023 4033 1043 4067 ,
2500 4042 2556 4072 .·
2679 4040 2693 4055 .

649 4093 714 4156 p.
762 4072 905 4137 664.
954 4069 1277 4159 (3.,χορὸς
1322 4072 1357 4138 ὁ
1408 4075 1743 4160 παιδικός,
1789 4078 1884 4145 II.
1917 4072 2007 4163 p(
2037 4041 2187 4143 653.
2235 4079 2320 4141 A.
2377 4080 2512 4143 τῶν
2553 4082 2694 4144 ’παῖ’-

650 4158 787 4219 δων
830 4156 1103 4237 παιδικὴ
1150 4156 1499 4238 αἴσθησις,
1543 4158 1751 4243 ἡδονὴ
1795 4168 1906 4229 καὶ
1949 4160 2146 4245 λύπη,
2195 4161 2394 4227 VIII.
2439 4186 2506 4247 p.
2555 4165 2696 4241 833,
