2857 4738
704 347 827 410 4052
958 397 965 404 .
1372 340 2075 409 ARGUMENTUM

698 534 842 580 rum
880 523 987 580 est
1014 511 1169 578 huic
1204 511 1692 598 quodammodo
1735 513 2158 596 contrarium,
2205 513 2382 597 quod
2407 515 2595 578 oritur
2627 533 2692 580 ex

700 598 1233 668 dissimilitudine
1320 609 1387 663 et
1455 598 1842 664 diversitate
1859 647 1879 681 ,
1957 621 2158 682 quum
2232 599 2396 664 alter
2459 599 2694 672 alterum

701 692 993 754 sectatur
1011 733 1031 767 ,
1138 685 1408 750 uoniam
1467 685 1612 772 ipse
1669 707 1803 750 non
1849 683 2049 750 habet
2091 707 2190 766 ea,
2238 705 2402 786 quae
2441 685 2530 749 illi
2569 695 2696 750 sunt

750 771 990 859 ropria,
1038 710 1241 836 veluti
1292 793 1497 854 quum
1527 791 1784 856 pauper
1827 780 2120 836 sectatur
2159 770 2424 835 divitem
2465 779 2528 835 et
2561 792 2692 856 opu·

700 795 969 924 flentum.
1078 857 1381 922 Tertium
1445 879 1656 942 genus
1723 879 1804 920 ex
1849 867 2130 940 utroque
2171 856 2284 920 illo
2329 857 2581 921 mixtum
2615 864 2697 920 est

702 951 769 1009 et
828 941 1205 1008 conflatum.
1296 942 1696 1028 Appellatur
1737 952 1958 1006 autem
1981 942 2295 1007 ‘amicitia
2333 943 2472 1007 ista
2509 951 2570 1005 et
2606 942 2696 1004 be·

700 1029 1077 1094 nevolentia
1136 1028 1379 1092 amoris
1432 1027 1694 1092 nomine
1713 1075 1734 1110 ,
1799 1027 2066 1112 quando
2125 1027 2342 1092 extitit
2395 1027 2693 1092 vehemen-

701 1115 869 1190 tior3
929 1123 1007 1177 ut
1064 1113 1254 1178 facile
1316 1122 1632 1199 appareat
1691 1113 1929 1180 amoris
1983 1114 2089 1178 vis
2149 1123 2220 1178 et
2259 1122 2508 1177 natura.
2585 1112 2694 1175 Iam

702 1222 859 1264 vero
929 1198 1095 1264 haec
1166 1199 1293 1262 tria
1351 1221 1596 1284 genera
1655 1199 1770 1262 ubi
1847 1197 2343 1264 consideramus
2412 1195 2692 1282 quomodo

702 1285 875 1350 inter
917 1285 1061 1370 ipsa
1106 1283 1434 1366 differant,
1479 1285 1756 1369 primum
1801 1283 1964 1350 illud
2011 1285 2372 1370 reperimus
2411 1282 2694 1370 placidum

702 1393 848 1436 esse
910 1381 975 1434 et
1030 1391 1412 1452 commune,
1472 1369 1650 1453 quod
1711 1369 2053 1453 utriusque
2116 1369 2308 1434 amici
2351 1367 2692 1433 utilitatibus
2776 1427 2778 1432 .

702 1456 1087 1538 conveniat3
1150 1454 1427 1518 alterum
1487 1465 1718 1519 contra
1759 1455 2108 1519 vehemens
2151 1465 2221 1518 et
2263 1453 2692 1539 communitatis
2776 1515 2778 1518 ,

702 1542 1048 1628 negligens
1112 1563 1291 1618 esse3
1352 1537 1638 1624 denique
1699 1541 1964 1604 tertium
2041 1539 2326 1605 existere
2368 1537 2691 1616 ‘eiusmodi,

702 1637 775 1694 ut
842 1637 911 1690 et
968 1626 1413 1711 cupiditatem·
1461 1636 1530 1690 et
1585 1624 2102 1692 moderationem
2163 1626 2405 1692 habeat
2459 1625 2692 1707 ideoque

702 1712 1067 1796 inquietum
1112 1713 1199 1776 sit
1242 1711 1504 1795 sibique
1533 1712 1664 1794 ipsi
1709 1733 1908 1798 saepe
1951 1715 2394 1792 contrarium,
2462 1712 2556 1774 Ex
2593 1729 2692 1794 quo

702 1797 981 1883 intelligi
1040 1805 1291 1882 potest,
1351 1795 1512 1882 quid
1557 1795 1638 1860 de
1685 1819 1756 1862 re
1799 1819 1976 1862 nunc
2022 1799 2090 1862 in
2137 1797 2568 1882 quaestionem
2603 1817 2690 1858 vo·

704 1891 859 1948 cata
919 1879 1341 1948 statuendum
1396 1883 1506 1947 sit.
1609 1883 1737 1947 Est
1781 1883 1950 1947 enim
1999 1883 2434 1982 legislatoris,
2479 1903 2548 1946 co
2623 1882 2690 1942 ito

704 1968 1031 2032 variorum
1088 1989 1383 2032 amorum
1441 1967 1852 2050 discrimine,
1913 1969 1983 2033 in
2043 1970 2316 2034 civitate
2377 1990 2500 2034 non
2538 1965 2690 2030 aium

704 2055 877 2118 {erre
920 2075 999 2117 ac
1054 2053 1378 2130 tolerare,
1443 2054 1568 2118 nisi
1615 2077 1786 2136 eum,
1831 2056 1946 2138 qui
1989 2077 2072 2118 ex
2117 2067 2350 2120 mutua
2391 2055 2702 2119 animorum
2763 2069 2779 2118 Ἱ

704 2139 1169 2206 benevolentia
1214 2138 1660 2226 proficiscitur
1687 2151 1754 2203 et
1783 2161 1932 2204 cum
1977 2141 2414 2226 temperantia
2453 2133 2692 2226 placida·

708 2247 835 2310 que
878 2225 1355 2310 tranquillitate
1400 2225 1800 2290 coniunctus
1847 2243 1950 2290 est
1993 2227 2099 2312 (p.
2149 2228 2300 2291 835.
2347 2227 2426 2290 D.
2467 2221 2690 2286 -·83‘1.

704 2312 845 2396 Ε.)
888 2347 972 2360 —-
1054 2311 1197 2377 Iam
1242 2333 1399 2377 vero
1446 2311 1503 2377 si
1550 2311 1912 2395 quaeritur,
1957 2334 2244 2397 quanam
2275 2312 2514 2377 ratione
2553 2307 2692 2373 cives

706 2398 915 2465 nostri
960 2420 999 2461 a
1040 2398 1215 2483 turpi
1246 2396 1542 2462 lubidine
1587 2398 1796 2463 arceri
1825 2408 2091 2483 queant,
2139 2399 2606 2484 responsionem
2641 2392 2688 2454 in

704 2492 973 2568 promtu
1032 2483 1367 2549 habemus.
1479 2480 1680 2564 Qu‘od
1737 2484 1908 2548 enim
1967 2484 2076 2547 vul
2129 2508 2168 2548 o
2215 2485 2360 2549 fieri
2425 2480 2688 2556 videmus,

704 2586 783 2633 ut
832 2570 1069 2633 fratres
1130 2590 1171 2632 a
1228 2569 1580 2650 fratribus,
1644 2579 1952 2658 parentes
2010 2593 2048 2633 a
2082 2508 2334 2636 qiberis
2389 2566 2688 2634 lubidinem

706 2676 1002 2718 aversam
1046 2653 1355 2734 habeant,
1400 2654 1712 2737 quoniam
1739 2676 1965 2720 omnes
2011 2654 2164 2722 iude
2218 2680 2258 2721 a
2284 2655 2484 2741 prima
2523 2657 2689 2715 aetate

704 2738 875 2802 hano
947 2738 1178 2802 animis
1257 2739 1391 2803 suis
1463 2749 1899 2827 susceperunt
1970 2742 2390 2826 opinionem,
2461 2750 2526 2804 ut
2587 2754 2688 2799 rem
2775 2816 2777 2819 Α

700 2822 1056 2887 nefandam
1132 2844 1277 2888 esse
1354 2824 1730 2891 existiment
1787 2826 2046 2909 diisque
2099 2827 2420 2909 invisam,
2472 2826 2526 2889 si
2575 2819 2688 2914 quiq
2773 2846 2775 2849 ⁴

700 2908 1033 2993 nequitiae
1068 2906 1393 2995 flagitium
1428 2910 1499 2975 in
1541 2932 1610 2975 se
1643 2910 1985 2989 admittat3
2019 2908 2192 2977 idem
2234 2913 2426 2978 etiam
2453 2912 2512 2975 in
2535 2901 2687 2974 simih

699 3016 937 3060 caussa
978 3016 1019 3059 a
1046 2994 1238 3060 nobis
1288 2995 1466 3060 effici
1515 2996 1716 3062 debet
1755 2998 1824 3061 in
1893 3006 2120 3063 nostra
2171 2999 2460 3063 civitate.
2511 2991 2686 3059 Imbu-

700 3080 855 3145 endi
912 3080 1083 3145 enim
1133 3089 1291 3145 sunt
1332 3081 1623 3145 omnium
1649 3083 1850 3147 animi
1893 3081 2046 3147 inde
2091 3084 2173 3149 ab
2221 3085 2484 3149 ineunte
2519 3081 2688 3145 aetate

701 3165 825 3232 hac
870 3166 1216 3252 opinione,
1275 3188 1473 3249 quam
1517 3168 1716 3233 etiam
1759 3169 2058 3255 magistri
2103 3168 2342 3235 deinde
2389 3192 2462 3233 ac
2500 3166 2686 3253 poetae

700 3273 913 3334 usque
960 3252 1354 3317 confirment
1394 3261 1463 3317 et
1504 3255 1832 3320 mentibus
1875 3254 2077 3319 'veluti
2120 3256 2422 3343 infigant,
2467 3261 2533 3319 ut
2559 3243 2685 3336 nihil

700 3344 995 3403 statuant
1054 3360 1198 3403 esse
1258 3338 1514 3423 turpius
1576 3348 1644 3404 et
1697 3340 2146 3423 inhonestiuS,
2197 3365 2393 3427 quam
2437 3362 2474 3403 a
2513 3330 2696 3423 pravi&
2771 3368 2773 3375 ·

698 3422 1106 3489 lubidinibus
1152 3425 1365 3505 vinci,
1428 3423 1592 3489 nihil
1653 3448 1808 3490 vero
1853 3424 2250 3493 laudabilius
2299 3451 2376 3493 ac
2419 3424 2684 3506 diis-gra-
2771 3426 2773 3471 ἒ

698 3508 854 3590 tius,
902 3532 1121 3592 quam,
1170 3510 1480 3580 cohibitis
1527 3510 2028 3597 cupiditatibuS,
2075 3514 2344 3579 illicitos
2385 3516 2450 3575 in
2491 3523 2683 3594 pueros
2770 3502 2773 3605 i

700 3602 816 3657 aut
870 3594 1146 3661 feminas
1220 3596 1634 3661 matrimonio
1708 3598 1966 3662 iunctas
2037 3597 2290 3665 amores
2361 3600 2570 3683 fugere
2627 3606 2682 3651 ao
2770 3610 2773 3645 ¹

699 3678 930 3743 vitare.
1020 3680 1208 3744 Haec
1252 3682 1458 3768 igitur
1500 3682 1602 3745 lex
1649 3681 1730 3747 de
1775 3703 1992 3749 amore
2037 3684 2382 3749 inhonesto
2426 3692 2680 3761 tanquam

598 3814 619 3837 Ι
698 3772 956 3829 sacrata
998 3765 1085 3829 sit
1130 3773 1198 3829 et
1240 3769 1568 3831 communi
1613 3768 1950 3833 hominum
2007 3772 2438 3836 consensione
2480 3761 2684 3847 sancita

697 3872 776 3915 ac
816 3849 1096 3915 firmata.
1200 3850 1381 3915 Fieri
1444 3862 1664 3918 autem
1725 3876 1958 3941 posse,
2017 3866 2092 3921 ut
2153 3855 2537 3942 cupiditates
2583 3849 2680 3911 isto

694 3934 894 4000 modo
968 3938 1431 4022 coerceantur,
1503 3939 1571 4003 id
1633 3940 2024 4005 athletarum
2095 3942 2455 4029 exemplum
2509 3935 2680 4014 docet,

697 4041 867 4104 quos
927 4042 1397 4107 saepenumero
1457 4025 1980 4093 animadvertere
2041 4027 2232 4111 lieet,
2297 4022 2574 4114 quamvis
2609 4018 2679 4081 la·

696 4105 967 4173 boribus
1014 4117 1079 4173 et
1122 4110 1710 4177 exercitationibus
1755 4114 2050 4199 corporis
2096 4115 2462 4193 roboratos,
2506 4114 2678 4172 tamen

694 4211 731 4253 a
786 4192 983 4255 rebus
1044 4193 1365 4260 Venereis
1421 4196 2002 4283 immoderatisque
2047 4200 2485 4287 voluptatibus
2525 4192 2678 4280 plane
