2857 4738
647 320 811 385 CIV
1283 313 2058 383 PROLEGOMENA*

647 488 768 557 sed
835 488 1070 554 iisdem
1155 487 1286 552 illis
1359 488 1577 555 etiam,
1642 486 1999 573 pleniorem
2078 482 2293 547 lucem
2367 482 2671 565 affundat,

648 573 1182 660 quandoquidem
1237 571 1599 641 clarissime
1662 570 1815 643 iude
1862 568 2298 657 perspicitur,
2366 590 2673 653 quaenam

649 661 938 747 optimae
996 659 1252 725 civitati
1311 680 1459 722 cum
1518 659 1537 721 i
1590 679 1663 722 sa
1718 658 1894 722 vitae
1965 655 2245 724 veritate
2312 654 2674 720 coniunctio

647 770 727 813 ac
785 743 1211 829 necessitudo
1273 744 1527 809 interce
1578 752 1665 810 at.
1772 740 2169 824 Declaratur
2226 740 2436 823 enim·²
2496 738 2674 825 quids

645 854 796 899 nam
911 829 1325 915 hilosophiae
1364 828 1537 895 ratio
1586 837 1654 893 et
1694 826 2001 893 doctrina
2044 848 2163 912 pro
2184 826 2543 910 ⁴praesenti
2582 848 2674 891 re-

647 941 790 981 rnm
913 934 1310 984 umanarum.
1367 912 1747 979 conditione
1816 914 1885 979 in
1942 912 2091 996 ipsa
2143 909 2498 977 hominum-
2548 912 2677 975 vita

535 1002 540 1009 ’
647 1002 909 1068 efficere
975 1013 1044 1067 et
1105 1023 1238 1085 quo
1293 999 1495 1064 modo
1550 999 1763 1066 civilis
1836 998 2117 1065 societas
2189 994 2363 1061 vitae
2432 996 2675 1060 veritati

647 1086 994 1175 cognatior
1049 1086 1134 1151 ad
1195 1086 1507 1150 maiorem
1568 1082 1903 1169 quandam
1960 1081 2381 1169 perfectionis
2426 1080 2675 1147 laudem

647 1172 922 1273 provehi
975 1181 1044 1237 et
1099 1170 1364 1258 optimis
1435 1169 1695 1257 legibus
1739 1167 1969 1255 iisque
2070 1167 2359 1234 eriec'tae
2416 1167 2683 1232 rationis·

646 1258 912 1324 vicariis
958 1258 1284 1325 instructa
1311 1264 1513 1339 atque
1558 1256 1927 1355 gubernata
1971 1278 2009 1319 a
2103 1275 2299 1338 quam
2345 1252 2675 1319 maximam

644 1366 796 1411 cum
855 1343 1154 1428 perfecta
1213 1342 1481 1407 civitate
1540 1340 2035 1408 similitudinem
2101 1336 2378 1423 perduci
2500 1337 2675 1421 assit,

647 1439 722 1495 ut
780 1430 1080 1517 profecto
1128 1426 1289 1492 nihil
1333 1426 1583 1493 vidisse
1628 1423 2052 1492 existimandi
2094 1424 2277 1505 sint,'
2310 1424 2433 1507 qui'
2521 1423 2676 1492 lato·

645 1538 790 1583 nem
838 1512 1321 1580 contenderunt
1366 1511 1733 1578 scribendis
1779 1510 2077 1599 Legibus
2112 1510 2450 1609 optimam,
2494 1531 2677 1593 quam

643 1602 712 1665 in
767 1598 1008 1663 Politia
1053 1596 1497 1679 condidisset,
1556 1597 1893 1663 civitatem
1952 1596 2135 1661 ultro·
2170 1593 2677 1683 improbaturum

644 1694 764 1753 aut
829 1686 1226 1749 reiecturum
1280 1684 1505 1749 fuisse.
1610 1684 1937 1749 Nimirum
2011 1704 2146 1746 non
2220 1680 2502 1745 mutavit
2577 1679 2676 1744 ille

646 1770 1044 1838 sententiam
1103 1768 1187 1835 de
1243 1792 1282 1833 o
1335 1768 1497 1834 timo
1560 1768 1849 1837 civitatis
1908 1776 2086 1833 statu
2147 1764 2481 1849 quondam
2538 1788 2676 1851 pro-

645 1855 890 1941 ditam,
959 1853 1100 1921 sed*
1139 1792 1412 1921 eandem
1471 1854 1692 1945 potius
1750 1853 1974 1942 posuit
2028 1852 2099 1917 in
2142 1850 2292 1916 loco
2336 1850 2679 1916 illustriore

645 1941 1021 2026 certiusque
1080 1938 1535 2023 confirmavit,
1602 1936 2141 2025 quandoquidem
2200 1936 2397 2001 sicuti
2454 1936 2522 2003 in
2560 1934 2677 2001 Re-

691 2024 910 2091 ublica
952 2024 1214 2091 divinae
1259 2024 1447 2091 ideae
1478 2024 1692 2091 lucem
1735 2022 1819 2089 ad
1859 2024 2067 2088 vitam
2104 2020 2455 2087 humanam
2504 2020 2677 2105 quasi

643 2050 734 2177 ge
783 2111 970 2179 coelo
1015 2110 1290 2196 detulit,
1351 2112 1449 2176 ita
1508 2111 1579 2177 in
1624 2110 1923 2197 Legibus
1972 2110 2167 2173 vitam
2213 2108 2562 2172 humanam
2610 2129 2677 2171 ex

645 2198 776 2263 ista
831 2196 1233 2280 humilitate,
1295 2196 1380 2262 ad
1426 2220 1624 2281 quam
1668 2196 1927 2261 deiecta
1970 2204 2181 2277 esset,
2228 2192 2313 2257 ad
2352 2192 2535 2257 illius
2576 2214 2676 2255 ex·

643 2282 1016 2349 cellentiam
1077 2305 1156 2349 ac
1225 2282 1783 2372 magnificentiam
1856 2280 2157 2345 attollere
2214 2288 2495 2343 conatus
2567 2289 2716 2343 est.-

644 2368 882 2454 Itaque
925 2392 1360 2454 quaecunque
1401 2371 1473 2434 in
1522 2367 1817 2456 Legibus
1852 2364 1935 2431 de
1964 2364 2307 2430 elementis
2339 2373 2421 2429 ac
2448 2363 2677 2451 princi-

641 2456 771 2540 piis
801 2456 1114 2536 civitatis,
1139 2476 1334 2539 quam
1360 2453 1683 2537 condidit,
1715 2453 1797 2518 de
1820 2451 2111 2520 eiusdem
2134 2451 2381 2536 optimo
2416 2459 2592 2516 statu
2618 2460 2679 2514 et

643 2541 985 2626 regimine,
1015 2539 1098 2602 de
1123 2539 1360 2603 civium
1390 2538 1757 2622 ordinibus,
1780 2537 1861 2602 de
1888 2536 2243 2602 eorundem
2270 2536 2677 2600 institutione

642 2636 726 2690 et·
757 2623 1145 2710 disciplina,
1208 2622 1290 2687 de
1333 2623 1465 2688 fine
1510 2624 1915 2710 reipublicae
1957 2622 2337 2770 proposito,
2404 2621 2489 2686 de
2546 2622 2677 2686 eius

641 2732 804 2774 cum·
836 2709 1082 2773 virtute
1123 2708 1589 2775 coniunctione
1626 2733 1704 2775 ae
1736 2711 2075 2774 necessitu
2125 2708 2255 2789 ine,
2302 2706 2387 2771 de
2428 2707 2677 2770 virtutis

643 2793 1098 2859 ethonestatis
1145 2791 1517 2879 disciplini,
1562 2795 1646 2860 de
1690 2795 2008 2882 religione
2052 2805 2121 2858 et
2162 2793 2345 2858 cultu
2390 2792 2676 2873 deorum,
2794 2823 2796 2832 ·

641 2878 954 2964 denique.
988 2879 1070 2943 de
1115 2879 1370 2966 legibus
1417 2890 1487 2945 et
1528 2881 1853 2946 institutis
1898 2878 2203 2967 civilibus
2248 2877 2675 2960 disseruntur,
2794 2943 2796 2946 Α

639 2987 720 3030 ea
761 2965 888 3031 etsi
931 2964 1385 3049 secundariae,
1436 2990 1629 3052 quam
1672 2965 2081 3047 informavit,
2128 2963 2383 3030 civitati
2430 2986 2676 3030 accom—
2794 3011 2796 3018 .

638 3050 906 3116 modata
969 3062 1127 3117 suut
1195 3051 1483 3135 ideoque
1544 3051 1854 3138 prudenti
1926 3049 2201 3116 consilio
2275 3050 2679 3134 populariter

636 3138 861 3286 potius
921 3159 1116 3221 quam
1175 3137 1508 3203 subtiliter
1568 3138 1910 3223 exposita,
1958 3147 2175 3200 tamen
2218 3143 2353 3199 tam
2398 3134 2675 3234 admira-²
2794 3181 2796 3214 :

683 3222 750 3287 ili
813 3223 1110 3288 sollertia
1163 3225 1396 3288 iuncta
1452 3232 1611 3288 sunt
1668 3234 1867 3306 atque
1928 3243 2009 3286 co
2058 3221 2241 3284 ulata
2298 3243 2451 3286 cum
2496 3221 2675 3287 sciti-s
2794 3263 2796 3298 ;

637 3329 716 3372 ac
761 3306 1046 3374 decretis
1091 3310 1162 3373 in
1203 3308 1392 3374 libris
1436 3308 1541 3372 De
1566 3306 1937 3394 Republica
1964 3306 2009 3370 il
2038 3307 2349 3389 ustratis','
2381 3316 2459 3370 ut
2502 3316 2675 3370 utra-
2794 3347 2796 3384 ᾗ

639 3413 768 3474 que
825 3393 894 3458 in
953 3415 1207 3458 summa
1267 3415 1464 3478 quae
1496 3414 1643 3460 esse·
1702 3393 1966 3460 videtur
2018 3390 2401 3456 diversitate
2444 3389 2675 3456 nihilo-

635 3477 852 3542 minus
893 3478 1288 3544 amicissime
1315 3479 1699 3564 conspirare
1730 3487 1799 3542 et
1829 3476 1915 3542 ad
1945 3499 2147 3542 unum
2177 3475 2487 3560 idemque
2530 3499 2675 3564 pro-

633 3563 944 3648 positum.
971 3564 1198 3628 referri
1243 3563 1681 3630 existimanda
1730 3564 1885 3630 sint.
1972 3561 2157 3644 Quid
2202 3562 2384 3645 quod
2430 3563 2673 3663 Leges,

634 3647 892 3712 etiamsi
935 3658 1204 3714 careant
1243 3649 1551 3725 doctrina
1590 3647 1673 3713 de
1716 3647 1909 3728 ideis,
1954 3657 2173 3712 tamen
2228 3669 2462 3712 revera
2508 3669 2675 3713 eius·-

635 3731 785 3798 dem
841 3732 1272 3798 fundamento
1317 3745 1475 3799 sunt
1516 3742 2033 3819 super-structae,
2078 3740 2309 3818 utpote
2352 3733 2551 3820 plane
2592 3730 2673 3797 ad

635 3817 970 3904 perfectae
1025 3818 1433 3902 reipublicae
1478 3820 1848 3906 exemplar
1918 3829 2361 3905 comparatae.
2468 3816 2671 3902 Quod

634 3927 791 3969 vero
855 3905 921 3968 in
979 3903 1108 3968 hoc
1151 3925 1352 3988 opere
1441 3904 1675 3969 luriina
1712 3905 2103 3984 traduntur,
2150 3925 2319 3988 quae
2366 3927 2498 3970 non
2544 3915 2672 3968 tam

635 4013 718 4054 ex
762 3989 1222 4056 reconditioris
1277 3929 1735 4090 philbsophiae
1798 3989 2247 4076 penetralibus
2334 3989 2677 4077 depromta

636 4097 829 4158 quam
891 4101 927 4142 e
977 4075 1164 4140 vitae
1227 4094 1591 4141 communis
1654 4099 1777 4145 usu
1852 4085 1917 4142 et
1978 4075 2384 4160 experientia
2441 4076 2669 4142 hausta
