2857 4738
844 332 971 398 DE
1018 333 1438 402 memus
1487 347 1622 422 etc..
1693 407 1696 412 ,
2177 339 2271 404 CI

214 499 385 567 libris.
434 499 811 582 Platonicis
863 499 1195 569 tractatae
1236 514 1430 587 sunt,
1495 517 1714 570 tamen
1755 505 1942 587 ‚nulla
1987 531 2261 592 usquam

210 583 721 670 deprehenditur
763 589 1111 653 verborum
1158 591 1658 672 convenientia,
1718 589 1846 656 nisi
1894 615 2087 676 quam
2122 617 2263 670 ne-

206 672 479 736 cessario
539 684 947 772 pepererunt
990 673 1598 760 ipsaesententiae.
1686 673 1889 756 Quod
1935 677 2020 742 ad
2069 699 2261 744 caus-

200 777 306 822 sae
345 755 675 822 iudicium
722 781 1082 844 sanequam
1126 770 1231 825 est
1272 761 1472 846 longe
1499 760 1978 848 gravissimum.
2069 762 2258 830 Servi

200 841 432 928 quippe
478 842 855 909 imitatores
901 847 970 910 in
1015 846 1261 910 talibus
1308 845 1509 932 longe
1573 847 1868 932 profecto
1913 849 2108 913 aliter
2152 871 2260 914 so·
2362 850 2367 854 ’

197 927 323 990 lent
376 929 675 1007 versari3
737 930 849 1015 qui
910 940 1169 994 tantum
1226 931 1413 1003 abest
1472 938 1546 994 ut
1618 932 1840 996 omnia
1897 933 2262 998 liberaliter

194 1013 531 1098 proferant
578 1024 895 1100 certoque
940 1015 1135 1080 alicui
1199 1015 1475 1082 consilio
1521 1028 1644 1080 suo
1689 1021 1960 1104 propria
2004 1019 2259 1084 ratione

194 1098 733 1182 accommodent,
811 1111 885 1165 ut
948 1100 1149 1165 animi
1225 1102 1596 1184 mentisque
1659 1101 1890 1188 inopes
1964 1103 2258 1188 undique

192 1183 397 1248 aliena
427 1193 713 1250 -temere
760 1185 1117 1250 corradant
1178 1209 1257 1250 ac
1302 1209 1382 1251 ne
1443 1185 1659 1254 verbis
1719 1187 1984 1272 quidem
2045 1202 2112 1252 et
2157 1189 2256 1252 di-

192 1269 522 1336 ctionibus
585 1270 820 1336 alienis
886 1272 1279 1338 abstineant.
1386 1269 1530 1338 Sed
1590 1271 1872 1358 Legum‘
1927 1273 2253 1354 conditor,

192 1353 307 1419 hoc
353 1365 465 1421 est
508 1355 747 1438 Plato,
810 1358 1069 1440 qualem
1128 1379 1199 1422 se
1261 1359 1329 1422 iu
1378 1357 1503 1421 hac
1547 1379 1783 1422 caussa
1829 1361 2254 1443 praestiterit,

190 1438 251 1502 id
310 1440 853 1507 luculentissimo
916 1443 1215 1528 exemplo
1280 1437 1709 1529 cog'noscitur
1769 1465 1806 1507 e
1871 1443 2080 1507 Libro
2128 1443 2253 1507 IV.

188 1549 229 1610 p
292 1529 445 1590 713.
498 1525 571 1615 Β
606 1563 689 1574 —--
737 1527 817 1592 E.
866 1529 979 1595 ubi
1031 1529 1372 1594 civitatum
1422 1529 1791 1592 rectoribus
1847 1539 2047 1613 atque
2093 1529 2256 1614 ipsis

186 1611 437 1676 civibus
524 1613 819 1678 Saturnii
882 1613 1070 1700 regni
1130 1614 1503 1698 exemplum
1557 1612 1642 1678 ob
1686 1613 1916 1679 oculos
1962 1617 2253 1702 ponitur.

190 1695 285 1760 Ibi
344 1698 533 1762 enim
586 1699 715 1763 etsi
778 1698 985 1763 utitur
1058 1696 1289 1764 eadem
1362 1701 1499 1764 fere
1574 1699 1982 1780 narratione,
2058 1723 2256 1785 quam
2377 1786 2389 1791 ξ

188 1782 377 1847 etiam
438 1783 707 1849 Politia.
768 1807 835 1882 p.
896 1785 1043 1848 ⁶269.
1090 1782 1173 1852 C.
1219 1807 1363 1869 sqq.
1416 1786 1775 1870 exposuit,
1841 1803 2060 1850 tamen
2110 1796 2253 1851 tota

188 1868 411 1934 fabula
452 1878 529 1935 et
574 1868 657 1934 ad
706 1867 907 1934 alnum
968 1866 1164 1934 finem
1213 1872 1496 1935 refertur
1543 1879 1611 1934 et
1654 1893 1732 1935 eo
1779 1871 1976 1936 modo
2018 1873 2252 1937 immu-

188 1963 322 2017 tata
394 1954 685 2042 legitur,
764 1963 840 2018 ut
947 1955 1111 2019 lane·
1168 1979 1341 2020 nova
1396 1957 1702 2020 extitisse
1767 1956 2126 2036 videatur?
2163 1957 2254 2022 ·de

192 2061 315 2122 qua
371 2039 815 2106 reviderunt
873 1979 1009 2121 alio,
1070 2041 1219 2106 loeo
1281 2043 1374 2106 ita
1418 2039 1900 2130 disputavisse,
1983 2058 2056 2106 ut
2119 2064 2250 2106 non

198 2123 315 2189 iam
356 2151 397 2193 o
448 2128 671 2194 ussit
715 2147 891 2195 nova
930 2137 1475 2214 argumentorum
1510 2127 2039 2194 confirmatione.
2109 2127 2250 2192 Iam

200 2233 345 2276 vero
448 2234 572 2276 aec
630 2213 687 2278 si
748 2235 901 2276 vere
966 2235 1005 2276 a
1062 2212 1253 2277 nobis
1318 2210 1776 2276 animadversa
1837 2223 2031 2292 suut,
2091 2213 2251 2294 quid

200 2295 458 2362 tandem
508 2295 589 2362 de
636 2307 781 2361 tota
827 2297 951 2362 hac
996 2317 1256 2379 caussa,
1304 2318 1474 2381 quae
1531 2297 1772 2380 agitur,
1822 2295 2249 2363 iudicandum

196 2382 357 2447 erit?
454 2383 779 2448 Nimirum
847 2383 1080 2470 paucis
1146 2382 1367 2446 dicere
1414 2382 1644 2446 licebit
1693 2379 1850 2465 quid
1917 2380 2106 2445 nobis
2156 2382 2250 2445 vi-

194 2466 444 2535 deatur.
566 2468 828 2533 Etenim
891 2490 1129 2554 magna
1203 2467 1317 2534 illa
1391 2489 1575 2533 exem
1629 2466 1860 2531 lorum!
1915 2466 2138 2551 copia'
2187 2478 2252 2531 et

194 2554 545 2619 multitudo
654 2552 741 2619 ad
813 2552 1112 2618 alendam
1208 2552 1572 2617 confirman
1622 2573 1856 2636 amque
1945 2552 2250 2618 sinistrae

194 2639 581 2704 imitationis
648 2639 1087 2725 suspicionem
1152 2647 1498 2716 contracta
1555 2660 1637 2703 ne
1695 2636 2024 2704 tantillum
2103 2640 2249 2722 qui-

196 2722 337 2789 dem
401 2748 482 2789 eo
526 2724 745 2789 valere
790 2722 1233 2792 existimanda
1279 2732 1416 2806 est,
1477 2735 1552 2787 ut
1610 2723 1692 2788 de
1738 2748 1776 2789 o
1829 2726 1956 2789 eris
2005 2723 2138 2789 fide
2185 2736 2252 2788 et

194 2810 581 2875 ailctoritate
625 2808 1061 2880 dubitandum
1126 2809 1233 2874 sit.
1324 2798 1468 2873 Imo
1513 2819 1735 2874 manet
1836 2810 1970 2873 lato
2019 2820 2246 2875 nostro

192 2895 441 2961 iudicio
488 2896 841 2961 etiamnum
887 2896 956 2959 in
1004 2893 1291 2958 statione
1338 2912 1482 2973 sua,
1534 2909 1608 2959 ut
1654 2895 1768 2977 qui
1806 2896 1950 2959 istis
1997 2896 2248 2980 captio-

192 3002 297 3047 sae
356 2980 743 3045 dialectices
803 2979 1061 3063 laqueis
1120 2979 1383 3046 minime
1443 2980 1530 3045 sit
1591 2981 2080 3047 circumventus
2135 2993 2251 3061 aut

192 3064 371 3133 humi
416 3071 823 3151 prostratum
2297 3132 2306 3141 ,

368 3150 507 3217 Sed
550 3153 817 3222 tertium
862 3150 1059 3215 etiam
1098 3150 1163 3213 in
1198 3148 1482 3213 medium
1530 3146 1802 3213 affertur
1857 3148 2246 3213 imitationis

188 3260 424 3336 genus,
472 3236 647 3301 unde
692 3236 1001 3321 scriptori
1048 3234 1219 3299 mala
1262 3234 1591 3301 confletur
1621 3232 1889 3301 invidia.
1975 3234 2241 3299 Etenim

188 3322 351 3389 illud
413 3346 678 3407 quoque
756 3320 1159 3387 Zellerus
1221 3322 1263 3387 l.
1325 3344 1380 3387 6.·
1445 3344 1504 3407 p.
1573 3322 1710 3384 106.
1769 3342 1922 3405 sqq.·
1986 3320 2240 3406 Legum

188 3409 443 3473 auctori
494 3408 655 3472 vitio
704 3406 923 3479 vertit,
970 3406 1151 3489 quod
1199 3430 1331 3474 nou
1380 3430 1510 3471 uno
1556 3406 1704 3481 loco
1738 3406 2021 3471 illustria
2069 3406 2247 3470 dicta

186 3493 711 3581 splendidasque
783 3492 1189 3574 sententias,
1245 3514 1417 3575 >quae
1459 3490 1634 3555 'alibi
1680 3501 1831 3579 apte
1881 3492 2246 3579 eleganter-

184 3604 315 3665 que
381 3588 823 3664 usurpentur,
890 3600 1205 3663 perquam
1254 3577 1517 3642 sinistre
1565 3586 1628 3638 et
1673 3576 1933 3651 inficete
1981 3576 2066 3641 ad
2115 3600 2248 3641 rem

184 3688 374 3731 suam
432 3661 807 3731 traduxerit
862 3672 930 3727 et
992 3662 1388 3727 adhibuerit.
1507 3658 1706 3740 Quod
1779 3662 2040 3747 quidem
2107 3686 2247 3727 cer-

183 3752 447 3818 tissimo
516 3758 909 3835 argumento
969 3746 1062 3811 ait
1122 3771 1307 3831 esse,
1376 3756 1712 3811 auctorem
1773 3747 1992 3833 operis
2039 3748 2248 3811 fuisse

186 3837 521 3903 hominem
551 3836 805 3903 fatuum
842 3842 909 3898 et
956 3833 1273 3921 ineptum,
1308 3832 1423 3917 qui
1471 3830 1668 3897 bonis
1713 3857 1751 3896 a
1795 3834 2074 3898 Platone
2117 3831 2250 3895 sibi

186 3922 633 4011 suppeditatis
693 3919 793 3985 uti
855 3920 1227 3987 nesciverit.
1341 3918 1495 4003 Quo
1557 3918 1816 3982 nomine
1877 3925 2064 3983 notat
2130 3915 2252 3980 hos

186 4010 409 4182 38⁰⁰?
462 4008 651 4159 23:331·-
678 4004 756 4155 ἐξ
807 4008 1066 4155 &³531
1115 4004 1190 4176 ξς
1242 4002 2134 4155 ¹351‘34iss.‘³-1·52¹›.¹¹22¹5'’7⁶7²32‘3·
2169 4001 2252 4151 {t

172 4145 347 4247 ·x‘11.
415 4205 478 4267 p.
543 4180 696 4245 963.
766 4176 846 4243 n.
898 4173 1030 4239 111.
1096 4198 1157 4259 p.
1218 4178 1361 4241 684.
1414 4173 1492 4238 c.
1541 4173 1623 4236 v.
1673 4197 1734 4258 p.
1788 4176 1928 4239 734.
1973 4170 2050 4237 Ε.
2101 4190 2248 4256 sqq.
