2857 4738
663 331 982 402 XXXVI
1315 332 1971 449 PROPEGOMEN
1984 335 2045 398 A

665 503 1108 594 celebritatem
1123 552 1144 586 ,
1187 503 1284 568 its
1325 502 1394 570 in
1434 503 1695 591 Legum
1734 519 1936 590 opere
1980 502 2424 591 disputationi
2470 502 2703 568 merito

661 591 904 670 risum„
916 597 1045 668 aest
1107 589 1305 676 longe
1362 590 1773 676 aptissimum
1789 638 1807 666 ,
1878 598 2093 656 certae
2148 588 2439 655 alicuius
2482 587 2704 676 reipu-

665 676 1112 776 blicpegneives
1171 683 1248 740 ut
1307 686 1606 742 oratores
1662 673 2027 761 producere
2048 727 2065 750 ‚
2124 674 2240 760 qui
2298 673 2392 740 de·
2452 673 2703 760 patriae

663 785 819 828 suae
853 761 1144 849 ·legibus
1200 770 1270 826 et
1325 760 1647 830 institutis
1708 784 1857 827 cum
1918 760 2313 826 Atheniensi
2359 761 2698 846 colloque-

661 857 910 914 rentur.
1010 845 1195 929 Quin
1252 845 1513 912 videtur
1568 849 1715 934 ipsa
1756 869 1859 913 res
1874 897 1897 931 ‚
1942 843 2025 915 de
2070 869 2202 932 qua
2232 847 2505 933 agitur,
2558 845 2702 911 dili·

663 934 1026 1020 gentiorem
1096 941 1399 1000 notorum
1470 933 1805 998 hominum
1880 932 2407 1020 designationem
2468 954 2589 1019 pro
2676 967 2703 980 ·-

665 1018 928 1084 modum
972 1017 1386 1118 prqhibuisse
1406 1063 1427 1100 ‚
1492 1019 1879 1105 praesertim
1934 1041 2137 1104 quum
2180 1039 2305 1085 nec
2346 1019 2527 1084 inter
2574 945 2701 1083 ffi-

665 1104 1120 1180 ced-aemonios
1177 1127 1300 1170 nec
1356 1105 1522 1168 inter
1605 1103 1959 1174 Cretenses
2014 1105 2175 1172 clari
2232 1104 2527 1180 nominis
2582 1104 2704 1168 viri

599 1263 604 1270 ,
665 1191 1034 1273 extiterint,
1057 1189 1065 1197 ’
1091 1191 1206 1275 qui
1263 1200 1597 1256 oratorum
1700 1191 1951 1259 artibus
1998 1203 2175 1258 recte
2220 1189 2701 1274 commodeque

664 1276 1110 1364 fungerentur.
1198 1274 1433 1361 Itaque
1494 1298 1617 1360 pru
1666 1276 2000 1342 entissime
2047 1274 2301 1342 Clinias
2348 1285 2419 1341 et
2457 1275 2701 1362 Megil-

662 1363 766 1428 lus
811 1362 1110 1444 omnine,
1163 1361 1350 1428 alter.
1384 1370 1461 1428 ut
1518 1361 2117 1446 Lacedaemonius,
2176 1361 2345 1426 alter
2403 1372 2482 1426 ut
2546 1359 2699 1428 Cre-

664 1448 895 1533 tensiS,
939 1448 1257 1514 sermonis
1302 1447 1659 1534 participes
1703 1448 2139 1514 nominantur.
2688 1479 2699 1495 ¹

833 1533 972 1600 Sed
1028 1556 1422 1618 quamquam
1478 1555 1797 1633 personae
1856 1533 2102 1622 dialogi
2158 1555 2395 1601 omnes
2440 1531 2700 1620 ignoto-

663 1642 808 1684 rum
851 1642 931 1686 ac
975 1618 1281 1690 fictorum
1323 1619 1659 1685 hommum
1684 1631 1860 1702 sunt,
1906 1628 2125 1686 tamen
2152 1629 2387 1690 nostro
2421 1617 2699 1704 -quidem

663 1705 906 1770 iudicio
949 1704 1220 1772 multum
1277 1727 1318 1768 a
1368 1715 1552 1772 recto
1613 1705 2030 1788 aberraverit,
2066 1705 2159 1774 si.
2182 1706 2336 1790 quis
2396 1727 2513 1771 eos
2570 1704 2698 1768 exi-

666 1791 883 1866 stimet
947 1791 1128 1855 nulla
1177 1811 1260 1856 ex
1285 1831 1291 1844 ·
1314 1801 1507 1876 parte
1550 1791 1796 1859 certius
1842 1790 2123 1858 describi
2166 1801 2285 1857 aut
2328 1789 2697 1866 accuratius

667 1872 1016 1962 designari.
1119 1875 1270 1942 Hoc
1327 1877 1535 1960 enim,
1610 1887 1927 1962 quantum
1993 1877 2257 1963 quidem
2315 1899 2449 1964 per·
2478 1876 2697 1962 ipsam

665 1963 758 2028 rei
801 1962 1116 2028 rationem
1176 1961 1320 2050 fieri
1375 1963 1628 2050 potnit,
1652 1963 1917 2048 „utique
1978 1963 2139 2032 satis
2201 1955 2545 2051 eleganter
2602 1960 2695 2025 fa-

666 2057 842 2114 ctum
889 2057 1010 2114 est.
1097 2047 1274 2112 Nam
1305 2109 1310 2116 ,
1391 2061 1613 2120 imum·
1636 2048 1899 2134 quidem
1932 2071 2199 2132 omnes&
2222 2060 2294 2117 et
2336 2045 2701 2114 Athenien-

667 2135 760 2202 sis
803 2133 913 2200 ille
932 2180 954 2216 ,
1013 2141 1080 2198 et
1133 2070 1479 2220 Megiffus·
1504 2145 1575 2200 et
1616 2131 1902 2217 Cliniae,
1942 2133 2304 2209 identidem
2349 2155 2542 2200 senes
2585 2154 2694 2198 vo-

667 2231 896 2300 cantur
939 2230 1007 2284 et
1039 2218 1236 2308 ¹senili
1281 2241 1459 2285 more
1518 2219 1949 2307 disputantes·
1987 2220 2433 2305 inducuntur,
2500 2215 2695 2285 veluti

665 2307 853 2373 Libr.
914 2305 966 2376 Ι.
1024 2329 1086 2393 p.
1151 2308 1295 2372 625.
1355 2305 1466 2373 B..
1502 2307 1645 2373 634.
1706 2305 2135 2381 D.;;635.·A.
2176 2305 2260 2374 E.
2307 2305 2404 2372 II.
2447 2329 2511 2391 p.
2557 2304 2692 2371 657.

667 2394 755 2461 D.
816 2392 944 2457 ΙΙΙ.
1003 2414 1071 2477 p.
1129 2394 1272 2458 685.
1332 2394 1417 2457 A.
1479 2391 1602 2458 IV.
1664 2417 1727 2477 p.
1786 2395 1931 2479 us.
1993 2392 2077 2457 D.
2122 2392 2247 2459 VI.
2309 2418 2371 2481 p.
2426 2388 2691 2457 752..A.

669 2480 815 2543 769.
859 2480 946 2545 A.
997 2479 1139 2543 770.
1183 2480 1268 2543 A.
1315 2477 1477 2542 VII.
1520 2504 1587 2567 p.
1636 2476 2045 2545 799.·D.‘X.
2092 2503 2157 2565 p.
2200 2481 2353 2545 892.
2398 2478 2490 2545 D.
2534 2473 2692 2542 XII.

665 2588 731 2649 p.
795 2565 942 2628 957.
1003 2564 1086 2629 A.
1179 2557 1379 2644 Quod
1432 2586 1625 2647 quam
1670 2565 1835 2629 scite
1872 2562 2338 2651 eleganterque
2381 2564 2479 2629 sit
2512 2560 2692 2627 insti-

669 2657 881 2713 tutum
901 2697 922 2731 ‚
979 2668 1082 2713 res
1145 2648 1292 2733 ipsa
1347 2648 1656 2732 loquitur.
1764 2649 1936 2723 Nam
1982 2650 2259 2735 primum
2310 2648 2573 2737 quidem
2614 2643 2693 2711 ad

621 2732 1194 2804 ..constituendam
1253 2743 1453 2819 atque
1510 2735 1569 2799 le
1618 2735 1765 2800 ibus
1820 2734 2182 2801 ornandam
2216 2737 2427 2803 talem
2470 2733 2689 2800 civita-

667 2831 841 2903 tem,
905 2819 1121 2905 qualis
1161 2829 1263 2885 est
1304 2819 1469 2886 haec
1528 2819 1581 2883 P
1608 2820 1859 2903 atoni3‚
1912 2822 2288 2888 necessario
2346 2844 2419 2886 re
2466 2819 2693 2885 uiritur

668 2905 1036 2972 diuturnior
1077 2927 1292 2971 rerum
1333 2928 1495 2972 usus
1538 2916 1736 2992 atque
1779 2906 2127 2993 prudentia
2182 2907 2399 2983 civilis
2512 2904 2689 2991 ugio-

665 2993 757 3058 ris
825 2992 1002 3059 vitae
1074 2991 1527 3057 observatione
1604 2992 1878 3059 collecta
1896 3042 1917 3076 ‚
1984 2993 2197 3077 qualis
2265 2993 2563 3079 profecto
2628 2988 2690 3051 in

669 3100 879 3145 unam‘
925 3078 1201 3143 maxime
1259 3087 1541 3144 aetatem
1586 3078 2059 3165 provectiorem
2104 3076 2304 3145 cadit.
2397 3076 2479 3143 Id
2520 3068 2691 3158 quod

665 3164 926 3314 quhiloso
977 3163 1101 3231 hus
1160 3164 1183 3229 i
1234 3186 1304 3230 se
1363 3188 1565 3249 quum
1622 3163 1779 3230 alibi
1811 3174 1975 3229 ‘tum
2032 3164 2217 3231 Libr.
2256 3164 2395 3232 IV.
2440 3186 2504 3250 p.
2552 3159 2685 3256 Ἠξ-

728 3298 743 3314 .
804 3260 872 3315 et
994 3251 1116 3317 ibr.
1247 3250 1340 3317 11.
1404 3260 1566 3317 extr.
1631 3272 1763 3317 non
1810 3250 2090 3317 obscure
2132 3252 2192 3317 si
2242 3247 2487 3315 nificat.
2573 3242 2689 3311 N1-'

667 3335 904 3428 mirum
945 3336 1298 3421 antiquitas
1341 3336 1633 3402 nondum
1678 3334 1993 3421 credidit,
2042 3359 2173 3420 quo
2266 3333 2475 3401 nostri
2518 3326 2685 3397 scili-

663 3430 769 3487 cet
810 3421 1140 3507 sapientes
1206 3423 1336 3489 iam
1394 3421 1786 3505 decantant,
1845 3432 2247 3489 senectutem
2286 3419 2440 3487 ideo
2480 3421 2687 3485 mente

667 3516 733 3571 et
767 3506 1034 3593 ingenio
1065 3508 1276 3574 minus
1306 3508 1545 3592 valere,
1588 3507 1743 3591 quia
1772 3508 2042 3573 cerebro
2066 3507 2399 3573 laboraret
2436 3501 2685 3569 iamiam

663 3592 993 3658 exsiccato
1017 3601 1212 3677 atque
1257 3594 1587 3673 arefact0'3
1630 3592 1750 3662 sed
1792 3615 1935 3658 eam
1974 3592 2327 3681 prudentia
2370 3600 2439 3657 et
2480 3604 2683 3653 rerum

673 3700 798 3744 usu
853 3678 1092 3744 ceteris
1149 3679 1533 3747 mortalibus
1590 3678 2005 3766 longissime
2036 3678 2423 3745 antecellere
2465 3668 2683 3741 voluit·

667 3764 1018 3829 Praeterea
1075 3764 1272 3829 etiam
1329 3764 1399 3829 in
1456 3764 1693 3852 vulgus
1752 3772 1977 3831 notum
2037 3774 2139 3831 est
2187 3761 2365 3851 apud
2420 3758 2683 3851 Spart}-

573 3896 584 3905 ·
663 3872 783 3917 nos
847 3848 1115 3935 quidem
1187 3863 1375 3917 certe
1432 3850 1797 3917 iunioribus
1850 3850 2111 3937 publice
2166 3850 2367 3917 fuisse
2424 3837 2681 3943 interdi-

659 3946 840 4001 ctum
859 3984 880 4019 ‚
961 3958 1042 4001 ne
1100 3934 1183 4003 de
1247 3936 1443 4003 rebus
1523 3934 1609 4003 ad
1676 3958 1810 4002 rem
1862 3937 2141 4004 ublicam
2219 3926 2682 4022 pertinentibus

669 4021 1080 4107 disputarent
1139 4031 1253 4091 aut
1307 4022 1609 4089 instituta
1670 3959 1937 4107 pubfica
2013 4022 2147 4091 ullo
2206 4017 2399 4087 modo
2469 4030 2679 4099 repre·

663 4106 1060 4188 henderent3
1118 4108 1190 4175 id
1244 4106 1421 4194 quod
1479 4107 1696 4175 verbis
1758 4107 2019 4175 disertis
2076 4106 2259 4175 Libr.
2318 4102 2371 4168 1.
2406 4125 2492 4188 .p.
2541 4093 2677 4196 6035-

658 4198 754 4261 A.
807 4192 1249 4272 admonemur.
1359 4193 1692 4277 Quocirca
1750 4192 1912 4261 setis
1972 4204 2271 4280 apertum
2329 4196 2433 4253 est
2474 4178 2675 4270 philo-
