2857 4738
534 1647 1962 1809 ‘ARGUMENTUM'W

811 1899 1080 1954 unm
1114 1875 1480 1959 amm-1.
1589 1905 1593 1910 ’

142 2129 395 2272 Pergit
454 2187 885 2256 Atheniensis
940 2191 1013 2258 in
1072 2191 1477 2284 explicandis
1532 2192 1752 2280 legum
1797 2194 2169 2280 prooemiis.

141 2265 589 2356 Posteaquam
634 2275 805 2340 enim
848 2276 1015 2343 libro
1064 2279 1399 2368 superiore
1445 2273 1757 2362 ostendit,
1804 2301 1972 2362 quae
2017 2301 2174 2344 cura

144 2353 279 2421 diis
330 2366 400 2421 et
442 2361 823 2445 parentibus
870 2361 1209 2449 debeatur,
1257 2376 1606 2451 exponere,
1629 2361 1938 2449 deinceps
1981 2363 2170 2431 insti·

141 2440 315 2525 tuit,
376 2466 688 2528 quaenam
748 2448 975 2534 officia
1026 2450 1259 2517 habita
1316 2448 1550 2532 animi,
1611 2448 1906 2535 corporis
1973 2458 2173 2537 atque

142 2527 470 2595 bonorum
526 2544 937 2604 externorum
1004 2536 1271 2603 ratione.
1328 2534 1608 2602 colenda
1671 2534 1823 2605 sint.
1935 2536 2173 2623 Itaque

186 2612 425 2681 timum
483 2618 565 2685 de
616 2612 833 2686 'animi
891 2644 1051 2689 cura
1114 2624 1210 2689 sic
1282 2622 1422 2697 fere
1477 2620 1760 2693 disserit.
1860 2620 2172 2692 Omnium

138 2637 487 2788 bonorum,
528 2704 775 2801 inquit,
818 2716 975 2794 ‘post
1004 2708 1163 2777 deos
1205 2709 1400 2797 longe
1428 2706 1708 2797 maxime
1736 2704 2029 2775 divinum
2073 2717 2176 2776 est

140 2786 793 2877 animus-nobisque·
822 2794 1101 2862 maxime
1144 2795 1504 2881 proprium.
1591 2790 1860 2883 Quippe
1905 2803 2006 2863 est
2042 2795 2175 2862 hoc

137 2871 387 2941 bonum
440 2874 526 2941 in·
555 2877 674 2961 iis,
734 2899 902 2963 quae
962 2880 1305 2969 superiora
1344 2876 1436 2945 'ac
1497 2880 1977 2967 praestantiora
2020 2890 2175 2947 sunt

135 2955 313 3043 ideo,
363 2962 523 3046 quia
578 2986 711 3029 non
754 2965 1051 3031 serviunt
1104 2966 1247 3053 aliis
1304 2959 1423 3031 sed
1493 2966 1716 3052 potius
1791 2964 1995 3033 vitam
2053 2988 2172 3031 no-

29 3070 31 3075 ·
106 3052 339 3111 'stram
385 3058 630 3135 regunt
672 3070 749 3115 ac
809 3046 1198 3137 gubernant.
1284 3047 1516 3117 Nihilo
1560 3051 1774 3117 minus
1817 3073 1968 3116 raro
2007 3048 2174 3116 illud

138 3128 237 3193 ita
289 3130 535 3197 colitur
595 3143 663 3200 et
728 3132 797 3200 in
856 3134 1104 3206 honore
1168 3136 1472 3219 habetur,
1518 3137 1617 3203 uti
1660 3136 1761 3202 fas
1807 3142 1928 3203 est'.
1994 3134 2174 3201 'Non

136 3213 315 3281 enim
358 3216 527 3283 illud
568 3220 739 3293 veris
770 3222 1121 3289 virtutibus
1168 3245 1243 3287 ac
1272 3221 1512 3289 divinis
1557 3244 1788 3287 ornare
1818 3229 2168 3305 conantur,
2199 3297 2210 3307 ‚
2243 3236 2248 3243 '

138 3299 259 3367 sed
304 3302 456 3369 aliis
500 3305 695 3372 rebus
720 3306 1069 3375 ’omnibusL
1158 3308 1389 3375 Veluti
1435 3308 1718 3393 quisque
1763 3328 1909 3373 sese
1953 3308 2172 3396 statim

138 3408 179 3449 a
218 3390 513 3473 pueritia
554 3391 908 3459 arbitratur
948 3394 1258 3460 idoneum
1304 3417 1448 3461 esse
1495 3393 1580 3458 ad
1626 3394 1913 3459 omnium
1955 3416 2172 3462 rerum
2251 3436 2258 3439 -

138 3473 591 3559 cognitionem
689 3478 972 3567 ideoque
1052 3480 1380 3546 honorare
1471 3478 1597 3545 sibi
1685 3476 1943 3548 videtur
2031 3482 2169 3547 ani-

138 3580 325 3623 mum
386 3582 569 3629 suum
585 3611 607 3646 ‚
689 3563 845 3630 dum
913 3567 1055 3633 eius
1112 3566 1245 3632 vim
1300 3562 1808 3649 facultatemque
1866 3562 2171 3632 laudibus

132 3642 360 3711 afficit
417 3658 529 3715 aut
576 3660 848 3737 'promta
882 3660 1246 3738 parataque
1304 3644 1660 3717 voluntate·
1704 3649 1764 3719 ei
1818 3651 2169 3727 ,cuiuscun-

128 3753 269 3817 que
316 3732 415 3799 rei
456 3733 753 3823 agendae
798 3732 1055 3824 copiam
1087 3734 1264 3803 facit.
1350 3731 1503 3805 Hoc
1546 3759 1701 3803 vero
1741 3746 1841 3803 est
1885 3738 2172 3806 animum

128 3816 439 3903 laedere,
483 3844 619 3887 non
662 3845 919 3907 ornara-
1018 3824 1081 3891 N
1089 3848 1173 3891 on
1209 3822 1417 3911 magis
1448 3822 1732 3889 animum
1775 3823 1934 3894 colit
1955 3846 2172 3905 suum,

127 3902 187 3969 si
259 3904 413 3991 quis
481 3907 647 3973 vitia
711 3916 780 3973 et
836 3931 1089 3977 errores
1146 3931 1303 3975 suos
1355 3907 1593 3975 callide
1653 3908 1872 3977 celans
1916 3908 2174 3995 obtegit

127 3998 341 4077 atque
408 3991 479 4056 in
541 3994 706 4062 alios
772 3992 1085 4079 confert,'
1138 4003 1289 4078 aut,
1346 3992 1666 4083 neglectis
1720 3992 2170 4082 legumlatoris

129 4074 699 4147 admonitionibus
718 4129 739 4164 ‚
797 4069 1121 4169 voluptati
1178 4102 1256 4147 ac
1307 4077 1594 4147 lubidini
1642 4101 1802 4147 suae
1846 4077 2178 4167 indulget„

125 4172 247 4231 aut
292 4164 519 4231 vitatis
550 4164 947 4257 ‘laboribus‚
990 4166 1369 4251 timoribus,
1415 4164 1756 4233 doloribus
1796 4185 1870 4231 ac
1913 4186 2169 4245 moero·

221 4286 363 4341 mat.
404 4286 543 4352 Opp.
586 4289 707 4338 Vol.
748 4287 810 4340 X.
852 4288 995 4345 Sect.
1036 4288 1107 4341 ΙΙ.
1433 4260 1438 4267 -
1731 4288 1760 4345 l
