2857 4738
595 426 602 433 ·
685 322 809 385 240
1359 316 2052 421 ARGUMENTUM

687 492 838 557 dem
879 492 1238 557 excolatur.
1325 489 1419 553 Et
1459 510 1739 575 corpora
1784 486 2073 573 quidem,
2121 506 2286 571 quae
2316 484 2535 583 pulcra
2569 484 2676 549 sint

687 578 1004 659 extitura,
1067 573 1432 642 curandum
1491 586 1595 639 est
1666 584 1743 638 ut
1821 573 2043 640 statim
2097 572 2178 637 ab
2250 571 2437 636 imtio
2513 593 2672 655 quam

687 664 1050 729 rectissime
1121 668 1422 726 crescant
1478 669 1542 747 et
1596 659 1990 725 nutriantur.
2095 658 2285 741 Quae
2346 681 2530 743 quum
2564 656 2674 742 pri·

687 750 810 815 mis
867 750 1054 815 annis
1113 748 1434 812 infantiae
1495 745 1811 811 maximos
1878 754 2109 810 auctus
2160 767 2395 831 capere
2437 744 2664 825 soleant,

689 836 1050 919 eodemque
1109 833 1227 899 illo
1279 842 1573 918 tempore
1631 832 1833 897 etiam
1905 832 2210 897 facillime
2267 830 2457 895 nimia
2505 828 2663 912 copia

689 932 756 987 et
823 918 1243 987 multitudine
1327 918 1879 983 nutrimentorum
1946 926 2469 1003 corrumpantur,
2526 913 2660 977 nihil

688 1016 790 1073 est
850 1029 1008 1072 sane
1067 1004 1430 1077 studiosius
1486 1002 1813 1091 agendum
1834 1051 1853 1085 ,
1936 1026 2129 1087 quam
2187 1011 2264 1066 ut
2322 1002 2441 1067 hac
2492 1007 2653 1063 aetate

686 1094 883 1158 etiam
937 1100 1204 1157 utantur
1259 1090 1453 1156 iustis
1508 1090 1952 1170 motionibUS,
1994 1087 2369 1173 laboribus,
2411 1084 2655 1151 exercita-

688 1179 998 1243 tionibus,
1094 1177 1187 1241 Et
1227 1176 1422 1241 huius
1469 1176 1734 1260 quidem
1780 1174 1875 1239 rei
1917 1175 2176 1239 initium
2220 1173 2353 1239 iam
2394 1183 2518 1237 tum
2552 1170 2659 1235 fieri

683 1265 912 1347 debet,
972 1285 1172 1348 quum
1242 1262 1527 1328 infantes
1573 1260 1866 1343 nondum
1923 1262 1991 1325 in
2048 1260 2263 1325 lucem
2324 1259 2475 1323 editi
2528 1266 2663 1338 sunt,

690 1350 811 1416 sed
868 1349 1084 1418 adhuc
1140 1358 1486 1436 gestantur
1536 1348 1605 1413 in
1649 1358 1857 1412 utero.
1948 1347 2185 1432 Itaque
2228 1346 2665 1430 mulieres-gra·

689 1436 883 1502 vidae
943 1434 1188 1501 crebris
1249 1444 1520 1500 utantur
1590 1433 2165 1499 ambulationibus.
2276 1431 2437 1497 Nati
2499 1440 2669 1493 autem

691 1524 806 1590 ubi
870 1520 1154 1588 infantes
1214 1530 1402 1604 sunt,
1444 1534 1579 1607 'per
1634 1519 1971 1584 biennium
2027 1518 2254 1584 fasciis
2309 1516 2673 1583 involvantur

693 1618 894 1695 atque
940 1607 1024 1671 ad
1069 1630 1307 1691 annum
1351 1606 1587 1675 aetatis
1631 1606 1767 1679 fere
1812 1606 2077 1672 tertium
2100 1626 2336 1689 ,usque
2379 1626 2417 1667 a
2452 1600 2674 1667 nutrici-

690 1696 816 1761 bus
923 1702 1251 1775 estentnr,
1313 1703 1734 1777 moveantur,
1794 1690 2143 1777 agitentur.
2250 1689 2401 1772 Qua
2460 1686 2676 1773 quidem

690 1802 771 1846 re.
809 1717 972 1843 niffiil
1035 1787 1137 1871 est
1192 1778 1277 1843 ad
1313 1778 1629 1863 corporis
1688 1777 2015 1874 animique
2076 1775 2325 1841 cultum
2382 1773 2677 1841 salubrius.

693 1866 877 1931 Nam·
929 1862 1199 1930 externo
1256 1864 1386 1929 isto
1434 1874 1617 1928 motu
1662 1860 1948 1928 efficitur
1992 1862 2132 1929 sine
2178 1860 2381 1927 dubio
2436 1861 2569 1942 hoc,
2621 1868 2678 1921 ut

697 1952 895 2018 etiam
950 1950 1131 2017 intus
1188 1950 1256 2013 in
1319 1948 1553 2015 animis
1612 1959 1874 2015 cessent
1928 1958 2145 2013 motus
2198 1946 2679 2025 turbulentiores,

697 2037 809 2122 qui
852 2037 1232 2124 plerumque
1299 2058 1337 2099 a
1381 2045 1560 2113 metu
1607 2058 1685 2100 ac
1728 2035 1960 2103 timore
2005 2034 2533 2121 proficiscuntur3
2580 2051 2682 2115 quo

695 2125 844 2211 ipso
905 2122 1332 2191 confirmatur
1387 2132 1457 2187 et
1516 2130 1797 2207 augetur
1838 2121 2054 2195 animi
2096 2120 2417 2185 fortitudo
2458 2134 2521 2187 et
2559 2138 2682 2183 con-

699 2209 961 2277 stantia.
1069 2210 1424 2275 Praeterea
1483 2207 1679 2283 etiam
1740 2206 2107 2273 cavendum
2164 2206 2397 2271 sedulo
2452 2212 2571 2282 est,
2620 2223 2683 2266 ne

695 2296 976 2363 infantes
1022 2304 1136 2363 aut
1189 2294 1549 2361 timidiores
1612 2303 1727 2359 aut
1766 2292 2159 2359 morosiores
2206 2316 2287 2358 ac
2328 2288 2685 2357 difficiliores

697 2383 1002 2450 existant.
1092 2381 1390 2464 Quorum
1456 2381 1729 2466 alterum
1788 2381 1928 2446 tere
1972 2381 2171 2446 nimia
2214 2376 2602 2466 indulgentia
2634 2381 2685 2438 et
2767 2459 2769 2462 y

697 2468 876 2548 molli
931 2468 1202 2534 lenitate
1260 2467 1579 2548 efficitur,
1638 2467 1930 2532 alterum·
1962 2476 2348 2554 procreatur
2388 2463 2570 2533 nimia
2605 2479 2683 2527 se-

697 2555 992 2620 veritatis
1045 2554 1426 2644 morositate
1504 2576 1582 2618 ac
1650 2550 1939 2627 tristitia.
2042 2551 2147 2618 Ex
2207 2553 2446 2636 quibus
2518 2545 2684 2613 'omni-

695 2641 822 2711 bus
868 2641 1276 2722 consequens
1326 2649 1461 2720 est,
1530 2649 1605 2704 ut
1646 2639 2015 2706 nutricibus
2061 2649 2369 2718 accurate
2411 2637 2495 2702 sit
2536 2651 2681 2718 prae-

695 2723 1110 2810 cipiendum,
1173 2724 1506 2808 quomodo
1536 2725 1846 2792 'infantes
1916 2735 2003 2808 ac
2054 2725 2377 2810 puerulos
2449 2723 2684 2788 tractare

697 2809 1018 2892 debeant,
1081 2808 1614 2894 quandoquidem
1674 2809 1761 2878 ad
1806 2833 2061 2876 omnem
2104 2810 2308 2878 vitam
2348 2810 2543 2894 longe·
2573 2803 2685 2890 plu·

696 2895 930 2962 rimum
989 2894 1228 2979 refert,
1287 2905 1362 2968 ut
1420 2897 1883 2982 intemperanti
1954 2895 2367 2980 voluptatum
2440 2885 2686 2979 cupidini

697 2991 892 3066 atque
951 2981 1330 3048 arbitrariae
1392 2981 1674 3048 lubidini
1732 2983 1861 3049 iam
1916 2992 2167 3048 mature
2223 2981 2459 3046 modus
2516 2985 2688 3044 statu-

697 3077 845 3134 atur
919 3067 1028 3150 (P.
1089 3069 1233 3134 788.
1285 3067 1374 3134 D.
1420 3105 1505 3116 --
1552 3071 1697 3150 793.
1744 3070 1889 3154 A.).
1944 3105 2026 3118 --
2101 3065 2303 3135 -Sed
2354 3067 2511 3134 haec
2564 3061 2687 3126 dum

693 3155 791 3220 ita
835 3154 1205 3236 sancimuS,
1265 3153 1431 3218 illud
1474 3153 1860 3220 meminisse
1886 3189 1890 3196 ·
1916 3153 2233 3237 iuvabit,
2274 3152 2451 3237 quod
2504 3145 2687 3237 paullo

696 3247 845 3339 ante
893 3239 1311 3322 dicebamus,
1343 3263 1487 3306 esse
1529 3240 1649 3306 has
1694 3240 2235 3328 legestanquam
2282 3239 2562 3307 moribus
2598 3253 2689 3320 pa·

694 3335 840 3390 trus
896 3325 1083 3392 nixas
1129 3348 1252 3392 nec
1295 3325 1532 3392 litteris
1576 3327 1957 3408 mandatas,
2007 3349 2174 3411 quae
2218 3334 2445 3394 tamen·
2478 3343 2589 3390 nec
2622 3317 2688 3382 si·

695 3409 900 3476 lentio
959 3411 1244 3478 debeant
1300 3411 1663 3498 praeteriri.
1767 3413 2148 3478 'Enimvero-
2172 3419 2329 3479 sunt
2370 3411 2525 3475 haec
2562 3403 2692 3470 talia
2768 3453 2770 3456 Α

696 3498 994 3582 profecto
1051 3497 1366 3583 tanquam
1424 3499 1687 3564 vincula
1767 3498 2086 3584 quaedam
2159 3497 2369 3564 omnis
2442 3487 2691 3561 civitatis

700 3591 1030 3666 nostrae„
1094 3607 1262 3668 quae
1330 3584 1511 3672 leges
1580 3585 1845 3672 publice
1916 3585 2194 3669 scriptas
2269 3577 2691 3648 scribendasve

699 3678 1012 3752 tanquam
1058 3671 1473 3758 coniungunt
1516 3671 1758 3738 arctius
1802 3680 1869 3735 et
1911 3672 2142 3736 mirum
2176 3677 2487 3753 quantum
2544 3682 2689 3728 com-

699 3754 1036 3854 mupiunt,
1115 3756 1664 3840 quemadmodum
1740 3758 1809 3822 in
1882 3755 2202 3838 aedificiis
2271 3753 2554 3820 videmus
2613 3745 2691 3842 itp»

697 3839 876 3922 fieri,
934 3849 1009 3905 ut
1073 3841 1290 3906 omnia
1345 3843 1759 3910 stabiliantur
1816 3851 1882 3906 et
1923 3851 2369 3908 sustententur
2410 3837 2687 3904 columnis

701 3935 772 3993 et
825 3925 1256 4010 fulcimentis,
1317 3929 1555 4014 quibus
1627 3929 1861 3996 demtis
1932 3951 2009 3994 ac
2077 3928 2354 4004 remotis
2396 3931 2687 4011 ‘protenus

702 4020 1036 4078 corruunt.
1129 4011 1362 4099 Itaqne
1389 4014 1458 4080 in
1504 4038 1605 4098 ea,
1652 4038 1848 4101 quam
1888 4037 2010 4080 nos
2056 4014 2415 4096 condimus,
2458 4004 2683 4074 civitate

698 4107 962 4184 praeter
1031 4098 1213 4188 leges
1297 4100 1519 4168 locum
1608 4101 1945 4169 obtineant
2016 4121 2207 4182 suum
2276 4115 2533 4165 necesse
2604 4089 2685 4150 est

704 4181 928 4250 etiam.
959 4185 1507 4270 consuetudines,
1554 4210 1805 4271 mores,
1863 4184 2077 4274 patria
2116 4187 2433 4266 instituta,
2478 4173 2681 4263 quihus
