2857 4738
896 359 1021 423 DE
1057 342 1489 432 “LEGIBUS
1542 371 1665 426 eto.
1888 319 1902 328 ’
2067 361 2248 428 xlx

200 530 367 594 haec
428 525 697 612 quidem
759 551 1041 612 usque
1102 529 1570 608 ad‘exitum
1631 532 1836 596 libri
1883 532 2257 598 secundi.

206 616 354 702 Iam
410 637 573 678 vero
618 613 723 679 his
771 615 1113 700 explicatis
1159 614 1351 679 facile
1398 617 1548 698 quis
1593 619 2042 702 expectaverit
2081 618 2260 684 simi-

207 701 355 764 liter
412 698 731 784 deinceps
778 703 991 764 etiam
1035 699 1117 764 de
1162 700 1398 765 ceteris
1445 701 1796 766 virtutibus
1823 702 2258 788 disputatum

206 786 307 867 iri,
404 788 748 851 raesertim
794 808 991 869 quum
1036 785 1220 850 Libr.
1272 785 1323 847 1.
1369 809 1432 868 p.
1481 776 1756 851 631.'A.
1807 789 1948 854 6320
1997 787 2074 851 E.
2127 787 2258 850 tale

208 809 411 953 quidp‘
440 870 879 956 significatum
908 868 1260 938 „videatur
1364 873 1462 933 At
1519 871 1690 937 enim
1737 895 1892 936 vero
1940 871 2122 956 quod
2165 873 2256 936 ibi

206 979 269 1042 p.
320 957 472 1020 632.
533 957 613 1019 E.
678 951 993 1042 scriptum
1018 951 1294 1042 ‘legitur
1338 967 1494 1041 post
1534 957 1987 1027 fortitudinem
2033 965 2259 1041 ἕτερον

208 1047 323 1106 καὶ
370 1045 593 1117 αὐθις·
628 1047 855 1124 ἕτερον
897 1043 1138 1125 ἀρετῆς
1182 1039 1802 1116 awos-illustratum
1845 1043 1962 1124 iri,-
2012 1042 2083 1106 id
2123 1065 2257 1109 non

208 1127 301 1190 ita
362 1125 822 1211 accipiendum
883 1135 1027 1208 est,
1078 1149 1157 1190 ac
1202 1124 1258 1188 si
1304 1126 1587 1211 scriptor
1642 1127 2049 1212 promiserit,
2109 1147 2256 1193 sese

208 1211 511 1298 singulas
570 1211 848 1276 virtutes
905 1211 1223 1276 continuo
1287 1210 1515 1276 ordine
1561 1233 1640 1275 ex
1689 1213 2043 1279 loraturum
2089 1235 2254 1294 esse,

208 1319 289 1361 ex
333 1319 693 1380 earumque
754 1298 819 1362 vi
875 1307 943 1360 et
982 1305 1219 1361 natura
1263 1294 1576 1382 deinceps
1623 1303 1628 1310 '
1673 1307 2251 1378 emonstraturum,

132 1431 147 1444 .
208 1382 441 1466 quales
500 1382 683 1468 leges
744 1404 907 1448 esse·
930 1380 1249 1466 debeant,
1310 1381 1860 1468 quibus-optimis
1924 1391 2128 1448 usura
2171 1383 2256 1447 sit

206 1468 600 1554 respublica.
644 1504 650 1510 ·
686 1466 911 1550 -Quod
970 1467 1030 1532 si
1091 1467 1205 1550 qui
1266 1465 1393 1550 sibi
1448 1477 1938 1552 persuaserunt,
1985 1477 2060 1530 ut
2103 1467 2257 1532 fecit

206 1575 371 1618 sane
430 1551 823 1616 Zellerus
886 1549 1077 1616 Stud.
1143 1551 1402 1615 Platon.
1449 1575 1512 1638 p.
1559 1555 1664 1618 24.
1708 1575 1890 1638 sqq.,
1935 1551 1982 1616 ii
2027 1551 2254 1617 viden-

206 1649 315 1702 tur
390 1638 631 1702 iniuria
700 1661 739 1700 a
818 1637 1097 1700 Platone
1168 1646 1481 1720 tanquam
1556 1637 1853 1704 debitum
1923 1637 2255 1722 quoddam

208 1723 543 1809 exegisse,
592 1718 767 1805 quod
797 1723 979 1786 nullo
1021 1720 1216 1786 modo
1260 1722 1650 1807 promiserit.
1739 1724 1910 1788 Nam
1957 1723 2063 1788 hic
2110 1723 2254 1806 qui-

208 1807 381 1890 dem,
428 1808 547 1872 ubi
574 1809 1047 1872 rem'accurate
1074 1808 1401 1890 aestimes,
1451 1807 1616 1871 nihil
1645 1806 2010 1893 spopondit
2053 1807 2253 1892 aliud,

208 1915 407 1977 quam
467 1891 647 1974 quod
706 1893 789 1957 ab
850 1914 927 1956 eo
987 1914 1216 1956 revera
1287 1893 1673 1977 praestitum
1737 1916 1879 1960 esse
1937 1911 2044 1957 res
2111 1893 2256 1978 ipsa

206 1978 525 2060 loquitur.
629 1977 955 2042 Promisit
1000 1978 1181 2040 enim
1230 1976 1359 2042 hoc
1410 1997 1650 2060 unum,
1710 1977 1878 2044 velle
1919 2000 2025 2042 ›se
2101 1978 2256 2042 data

208 2062 707 2150 opportunitate
782 2064 1093 2146 persequi
1152 2061 1442 2146 reliqua,
1489 2082 1656 2145 quae
1706 2063 1790 2127 de
1839 2063 2078 2128 ceteris
2126 2063 2256 2126 vir-

210 2148 463 2213 tutibus
520 2146 913 2231 explioanda
967 2143 1135 2211 sint:
1228 2147 1461 2230 Itaque
1504 2148 1772 2212 tertio
1836 2149 2092 2229 libro,
2137 2170 2253 2232 po-

210 2233 557 2314 steaquam
614 2232 917 2297 absoluta
948 2242 1077 2298 .est
1129 2232 1220 2298 de
1295 2231 1684 2296 educatione
1743 2255 1836 2297 *ac
1912 2232 2259 2317 disciplina
2334 2276 2358 2288 t

212 2318 467 2383 musica
520 2316 883 2402 disputatio
902 2366 922 2401 ,
987 2331 1257 2403 repente
1312 2316 1634 2381 transitur
1692 2315 1777 2379 ad
1835 2315 1964 2385 alia
2019 2315 2254 2381 omnia.

212 2403 539 2467 Narratur
592 2404 767 2467 enim
814 2412 1129 2490 protenus
1182 2402 1262 2467 de
1320 2401 1644 2465 variarum
1702 2400 2038 2479 ‘civitatum
2083 2410 2256 2484 ortu,

310 2487 697 2553 bematione
756 2498 825 2553 et
879 2489 1181 2569 fortuna,
1250 2487 1686 2569 institutaque
1738 2486 2255 2573 “comparatione

256 2583 493 2637 ocetur
534 2581 781 2637 statum
826 2582 893 2637 et
936 2575 1261 2638 fortunam
1309 2594 1531 2636 earum
1577 2594 1910 2655 nunquam
1959 2594 2092 2637 non
2143 2582 2256 2636 aut

208 2658 695 2744 prosperiorem
761 2668 879 2723 aut
936 2658 1361 2724 infeliciorem
1422 2658 1776 2739 extitisse,
1844 2658 2064 2743 prouti
2133 2657 2257 2721 im—

208 2753 558 2827 perantes,
638 2744 778 2809 sive
820 2744 1095 2809 afuerint
1169 2743 1264 2809 illi
1342 2742 1674 2829 principes
1743 2751 1811 2805 et
1868 2764 2062 2829 reges
2117 2744 2255 2807 sive

151 2904 155 2909 ,
208 2829 565 2893 universus
623 2828 907 2914 populus
926 2877 946 2911 ,
992 2839 1109 2893 aut
1151 2826 1622 2893 moderatiores
1669 2850 1746 2891 ac
1790 2828 2257 2913 temperantio-

208 2936 315 2979 res
372 2922 491 2979 aut
544 2911 1105 2980 immoderatiores
1170 2912 1432 2977 fuerint.
1524 2910 1858 2993 Quocirca
1895 2909 2003 2976 his
2047 2912 2256 2977 omni-

208 2999 337 3064 bus
404 2995 817 3078 ostenditur,
882 2996 1076 3063 etiam
1148 2997 1488 3083 imperium
1560 3020 1776 3061 rerum
1846 2997 2257 3083 publicarum

207 3083 341 3149 hoc
400 3083 643 3149 habere
700 3082 978 3164 debere,
1037 3090 1113 3147 ut
1164 3082 1251 3147 sit
1304 3092 1676 3167 temperans
1721 3091 1789 3157 et
1829 3104 1870 3145 a
1911 3104 2117 3167 prava
2157 3082 2256 3145 lu-

210 3167 441 3233 bidine
496 3167 797 3233 alienum.
900 3166 1103 3250 Quod
1160 3167 1309 3251 quis
1368 3175 1472 3231 est
1531 3167 1689 3249 quin
1747 3165 1920 3229 ultro
1974 3165 2256 3232 fateatur

210 3252 343 3319 hoc
386 3251 532 3339 ipso
576 3253 725 3319 loeo
766 3252 913 3318 fieri
953 3250 1335 3341 aptissime?
1424 3250 1692 3335 Quippe
1749 3247 1916 3313 nihil
1955 3250 2258 3335 profecto

212 3338 299 3403 ad
372 3360 509 3401 rem
579 3339 791 3423 ipsam
868 3337 1065 3425 fingi.
1103 3345 1329 3422 potest
1397 3333 1988 3417 accommodatius,
2062 3358 2257 3420 quam

212 3421 399 3506 quod
460 3421 545 3486 de
606 3423 946 3487 civitatum
1008 3431 1186 3487 statu
1234 3430 1302 3485 et
1347 3418 2076 3507 imperio‘disputatur,
2138 3444 2256 3505 po-

200 3516 560 3591 steaquam
610 3507 703 3571 de
750 3507 1053 3572 civilibus
1112 3522 1330 3570 earum
1377 3504 1730 3579 virtutibus
1777 3505 2100 3589 primariis
2147 3530 2256 3570 ex-

212 3592 535 3676 plicatum
596 3600 716 3657 est.
798 3590 1024 3673 .Q,uod
1082 3600 1300 3655 autem
1344 3599 1486 3653 tota
1543 3611 1649 3653 res
1692 3591 2114 3657 collustratur
2141 3592 2258 3654 -hi-

210 3677 467 3743 sturiae
526 3676 675 3741 luce
695 3725 714 3758 ,
780 3675 1285 3760 prudentissime
1341 3674 1470 3739 hoc
1523 3675 1770 3741 factum
1824 3684 2134 3761 putamus
2189 3677 2258 3738 in

212 3784 297 3827 eo
342 3781 569 3846 opere,
611 3759 791 3845 quod
836 3770 1043 3827 totum
1093 3760 1174 3825 ad
1206 3782 1419 3823 rerum
1449 3757 1875 3823 humanarum
1920 3761 2257 3846 experien-

208 3844 373 3911 tiam
430 3856 636 3929 atque
692 3846 866 3909 vitae
921 3845 1284 3911 communis
1352 3863 1546 3909 usum
1619 3854 2064 3929 comparatum
2141 3852 2258 3907 est.

212 3932 457 4015 Itaque
513 3953 639 3995 nec
702 3931 771 3994 in
830 3930 933 3995 his
992 3951 1271 4014 usquam
1331 3927 1782 3993 desideramus
1839 3932 2080 3994 iustum
2124 3926 2284 3990 djs-‘

210 4016 583 4101 putationis
629 4014 925 4079 ordinem
970 4024 1169 4097 atque
1210 4016 1656 4097 progressum,
1702 4014 1856 4077 licet
1899 4013 2006 4077 ille
2049 4013 2259 4097 primo

210 4101 335 4167 ads
386 4110 543 4165 ectu
579 4100 785 4165 'alicui
842 4110 1021 4165 totus
1076 4098 1304 4163 deesse
1366 4096 1666 4162 videatur
1695 4099 1912 4179 sitque
1957 4099 2259 4163 transitio

206 4186 295 4251 ad
430 4208 579 4252 rum
626 4206 841 4251 rerum
878 4184 1359 4269 expositionem
1387 4183 1622 4267 utique
1661 4182 1884 4266 paullo
1931 4182 2257 4247 audacior.

1724 4282 1860 4345 B*

2831 843 2834 856 ..
2819 769 2834 830 -.n-t-
2817 541 2834 764 *fin-unm..
2818 243 2834 534 ..bonnm-...m
2817 178 2834 230 ..m
2817 87 2834 172 ...ἐ-Δ-
2818 59 2834 82 A
2816 1 2834 54 4...
