2857 4738
671 347 799 414 LX
1325 347 2053 414 PROLEGOMENA

667 520 862 584 cendi
917 541 1158 606 genere
1217 517 1545 582 abludunt
1606 518 2108 602 ἑχθοδοπός
2170 519 2352 586 Libr.
2418 518 2578 582 VII.
2642 545 2700 605 p.

667 607 815 671 810.
863 605 949 672 D.
995 601 1176 687 quod
1223 613 1625 690 usurparunt
1671 603 2074 690 Sophocl.
2121 603 2310 668 Aiac.
2360 606 2507 670 931.
2554 603 2701 668 Phi·

669 691 825 755 loot.
879 693 1062 774 11:335.
1151 690 1447 754 Aristo
1526 689 1589 754 h.
1627 688 1917 756 Acharn.
1965 692 2109 754 2²26.
2156 689 2266 754 alii
2292 691 2699 776 posteriores,

668 776 1063 841 illustratum
1121 797 1160 838 a
1219 785 1380 839 vett.
1513 775 1907 840 rammaticis
1970 776 2460 860 compluribus3
2518 786 2701 860 atque

667 863 990 940 ἠίθεος
1032 860 1218 925 Libr.
1269 860 1469 926 VIII.
1516 883 1583 944 p.
1630 863 1773 926 848.
1822 861 1909 924 D.
1958 861 2086 924 IX.
2133 885 2198 946 p.
2237 862 2385 926 877.-
2431 861 2509 924 Ε.
2546 861 2699 934 XII.

667 971 732 1034 p.
795 951 942 1012 947.
1015 945 1092 1010 G.
1159 947 1554 1011 vocabulum
1624 947 2091 1028 Homericum,
2172 947 2366 1010 etiam
2426 947 2507 1010 ab
2568 947 2699 1011 aliis

667 1033 885 1119 poetis
939 1030 1378 1114 celebratum,
1442 1030 1623 1114 quod
1677 1030 2115 1131 philosophus
2174 1031 2339 1097 scite
2417 1031 2701 1096 adhibuit

669 1116 757 1182 ad
799 1114 1273 1202 designandam
1319 1115 1743 1202 innuptorum
1798 1127 2203 1200 castltatem‚
2268 1137 2465 1201 quam
2509 1117 2698 1203 signi-

670 1203 828 1266 ficat
869 1204 1006 1266 fere
1052 1210 1388 1265 nostrum:
1444 1202 1967 1289 Iunggesell.
2057 1203 2410 1287 Reliquum
2458 1211 2559 1266 est
2598 1201 2697 1265 de-

669 1288 870 1372 nique
915 1284 1312 1352 adiectivum
1354 1287 1723 1372 χρόνιος
1767 1287 1951 1354 Libr‘.
1995 1287 2120 1355 IX.
2162 1312 2229 1374 p.
2276 1291 2423 1354 855.
2468 1288 2546 1354 B.
2588 1311 2697 1371 pro

671 1374 1116 1458 πολυχρόνιος
1189 1373 1477 1459 positum
1555 1373 1622 1437 in
1710 1374 1962 1440 verbis:
2055 1379 2356 1459 χρονίοις
2423 1375 2695 1456 δεσμοῖς.

671 1457 942 1524 Scilicet
997 1466 1295 1524 mutuum
1363 1459 1597 1524 sumsit
1653 1457 2088 1545 philosophus
2166 1459 2345 1523 hunc
2417 1480 2602 1522 usum
2664 1481 2701 1520 a

670 1543 984 1623 Pindaro,
1033 1543 1398 1629 Aeschylo,
1448 1545 1593 1609 aliis
1637 1545 1873 1629 poetis,
1923 1555 2160 1630 postea
2186 1547 2383 1609 etiam
2414 1567 2453 1608 a
2482 1565 2697 1630 prosae

674 1629 996 1693 orationis
1054 1629 1184 1693 seri
1233 1630 1523 1716 toribus,
1571 1629 1948 1712 Aristotele,
1995 1629 2496 1716 TheophrastO,
2542 1629 2694 1709 aliis,
2768 1645 2773 1650 ·

673 1716 991 1795 ascitum,
1059 1737 1134 1778 ac
1188 1653 1681 1798 frequentatum
1740 1715 2059 1802 imprimis
2105 1715 2490 1800 Aesculapii
2534 1713 2695 1794 filiis,

672 1801 782 1885 qui
829 1798 1028 1865 hodie
1069 1821 1336 1884 quoque
1382 1799 1503 1876 τὰς
1538 1805 1819 1886 χρονίας
1858 1797 2107 1877 ΰόσους
2149 1802 2285 1865 fere
2328 1801 2395 1864 in
2442 1821 2550 1866 ore
2593 1799 2694 1862 ha-

671 1887 852 1950 bent.
958 1882 1374 1968 Quamquam
1435 1885 1543 1950 hic
1614 1907 1775 1952 usus
1836 1885 2150 1971 loquendi
2224 1885 2405 1971 apud
2484 1885 2693 1948 Xeno-

672 1970 1112 2056 nophontem,
1181 1969 1501 2036 Oratores
1564 1973 1867 2054 AtticoS,
1914 1971 2103 2055 alios.
2152 1971 2477 2055 nusquam
2524 1991 2693 2054 repe·
2768 1972 2776 1978 ’

669 2056 861 2138 τίων,
907 2054 1190 2140 ideoque
1246 2065 1322 2120 ut
1377 2056 1591 2142 rarior
1646 2067 1915 2121 notatus
1975 2067 2077 2123 est
2134 2058 2216 2144 ab
2273 2055 2695 2144 Hesychio'

671 2164 726 2206 s.
787 2165 848 2206 v.
910 2151 978 2205 et
1033 2141 1387 2206 Polluce
1451 2142 1535 2207 V.
1588 2145 1727 2212 150.
1815 2141 1907 2207 Et
1949 2143 2113 2208 haec
2203 2142 2426 2207 uidem
2472 2141 2551 2204 de
2592 2138 2693 2203 ad·

671 2227 930 2292 iectivis
977 2227 1370 2292 nominibus.
1478 2225 1795 2311 Sequitur
1848 2237 1929 2312 ut
1972 2229 2055 2294 de
2118 2252 2157 2291 a
2206 2228 2449 2295 verbiis
2492 2225 2692 2290 dicen·
2775 2275 2780 2279 .

672 2312 830 2379 dum
891 2314 979 2378 sit
1037 2322 1302 2399 praeter
1355 2313 1693 2400 vulgarem
1738 2313 2285 2403 morempositis.
2377 2312 2691 2394 Quorsum

671 2400 1004 2486 pertinent
1064 2400 1290 2464 ἀνατεὶ
1349 2400 1489 2465 sive
1546 2400 1830 2482 ἀνατί,
1890 2402 1988 2465 im
2016 2424 2274 2486 pune,
2337 2401 2515 2465 Libr.
2580 2394 2688 2459 lX.

671 2507 734 2569 p.
794 2486 939 2551 871.
997 2486 1078 2547 E.
1139 2484 1265 2548 XI.
1311 2508 1376 2567 p.
1424 2488 1570 2551 917.
1622 2484 1700 2549 Ο.
1740 2490 1886 2552 935.
1932 2486 2008 2550 Β.
2055 2485 2233 2571 quod
2276 2486 2691 2570 interpretan-

669 2580 780 2634 tur
840 2570 1239 2633 Timaeus
1299 2592 1350 2633 s.
1416 2593 1477 2633 v.
1528 2580 1597 2633 et
1638 2572 2285 2657 Harpocration
2336 2594 2386 2637 s.
2441 2593 2498 2633 v.
2546 2589 2690 2650 quo-

673 2676 814 2718 rum
877 2653 986 2717 hic
1044 2653 1274 2717 eodem
1337 2655 1663 2719 vocabulo
1724 2658 1916 2720 etiam
1964 2658 2226 2722 Isaeum
2274 2658 2342 2720 in
2392 2655 2691 2720 Oratione

671 2738 989 2802 adversus
1052 2738 1532 2823 Apollodorum
1589 2763 1779 2805 usum
1838 2764 1985 2807 esse
2060 2752 2367 2807 testatur.
2484 2744 2687 2820 Atque

671 2823 844 2887 idem
893 2822 1064 2889 illud
1123 2824 1698 2909 Aristophani
1756 2827 1825 2891 in
1873 2828 2315 2893 Ecclesiazus.
2372 2829 2511 2892 754.
2556 2844 2689 2909 pro·
2736 2838 2741 2842 ·

672 2908 975 2975 habiliter
1015 2908 1379 2974 vindicavit
1424 2912 1829 2977 Valesius
1878 2913 1961 2977 ad
2006 2912 2405 3000 Harpocrat.
2450 2935 2512 2996 p.
2558 2908 2685 2972 ⁶269.

672 2993 773 3060 ed.
845 2995 1030 3080 Lips.
1089 2995 1362 3059 Dicitur
1413 3020 1535 3081 pro
1612 3019 1691 3061 eo
1756 3000 1952 3062 etiam
2010 3003 2364 3077 νηποινί
2415 2996 2515 3060 vel
2572 3015 2685 3069 νη·

670 3088 962 3145 ποινεί
1007 3079 1188 3146 Libr.
1237 3081 1362 3145 IX.
1410 3082 1667 3165 p.'874.
1716 3082 1798 3165 C,
1846 3084 2025 3167 quod
2071 3086 2136 3147 in
2196 3082 2391 3149 codd.
2439 3080 2685 3165 quibus-

669 3165 818 3229 dam
879 3175 1060 3230 extat
1119 3166 1317 3231 etiam
1380 3166 1559 3252 apud
1614 3168 1993 3253 Xenoph.
2042 3170 2315 3237 Hieron.
2361 3168 2485 3232 111.
2531 3167 2585 3229 3.
2628 3168 2687 3224 et

669 3252 993 3335 reperitur
1043 3253 1112 3316 in
1171 3252 1484 3337 Inscript.
1534 3256 1657 3315 Am
1712 3254 1912 3339 hipol.
1962 3254 2203 3339 Corp.
2248 3251 2683 3335 Inscriptt.

671 3336 823 3401 Vol.
868 3336 962 3399 ΙΙ.
1005 3360 1068 3423 p.
1117 3340 1220 3402 63.
1267 3361 1331 3401 n.
1379 3338 1569 3401 2008.
1612 3278 1716 3402 ed).
1746 3340 2056 3422 *Boeckh
2102 3342 2215 3405 ubi
2260 3349 2363 3405 est
2404 3334 2685 3416 νηποινεὶ

669 3421 1021 3487 τεθνάναι.
1123 3422 1390 3509 Quippe
1450 3429 1803 3509 utrumque
1846 3426 2040 3490 facile
2087 3435 2268 3511 patet
2310 3448 2390 3490 ex
2434 3420 2683 3502 antiquo

668 3506 887 3591 legum
933 3528 1057 3571 usu
1104 3528 1142 3571 a
1184 3508 1461 3573 Platone
1508 3519 1868 3577 assumtum
1911 3534 2094 3595 esse,
2153 3521 2227 3575 ut
2268 3510 2430 3577 nihil
2473 3505 2685 3571 mirum
2750 3536 2756 3543 ·

670 3591 781 3673 sit,
828 3591 1006 3675 quod
1050 3592 1117 3656 in
1161 3594 1312 3657 unis
1361 3595 1657 3681 Legibus
1701 3596 1878 3681 apud
1922 3620 2068 3662 eum
2116 3597 2544 3682 perscriptum
2586 3608 2683 3649 ex·

670 3687 787 3757 tat.
876 3674 1015 3740 Iam
1074 3700 1238 3743 vero
1288 3678 1484 3743 etiam
1541 3681 1781 3764 verba,
1841 3704 2009 3767 quae
2069 3703 2149 3747 an
2201 3682 2445 3748 ustiore
2502 3689 2682 3739 sensu

669 3760 1012 3845 dicuntur,
1073 3763 1214 3828 sive
1257 3762 1565 3849 ῥήματα,
1624 3776 1961 3853 spectasse
2020 3706 2275 3851 iuvazit
2316 3758 2681 3853 insolentius

669 3847 738 3911 in
783 3846 1042 3934 Legum
1097 3848 1282 3913 libris
1338 3861 1679 3937 usurpata.
1774 3854 2070 3919 Pertinet
2110 3852 2240 3918 huc
2288 3861 2439 3917 ante
2482 3859 2683 3911 omma

667 3932 1088 4017 ἀθύρειν,
1135 3934 1563 4018 exultare,
1618 3937 1944 4022 ludere,
1992 3938 2468 4025 tripudiare
2512 3928 2677 3995 Libr-

669 4018 828 4083 VII.
875 4041 942 4104 p.
1002 4022 1145 4085 796.
1205 4020 1298 4085 Β.’
1331 4023 1425 4085 At
1472 4022 1539 4085 ui
1584 4044 1774 4087 usum
1820 4024 2015 4091 huius
2060 4025 2243 4089 verbi
2285 4015 2678 4111 praeiverunt

667 4103 1060 4192 philosopho
1118 4114 1393 4193 poetae,
1427 4044 1829 4193 (homerum
1888 4110 2259 4192 Pindarus,
2323 4098 2673 4187 Euripides,

665 4210 861 4273 quem
903 4201 1142 4275 postea
1173 4212 1293 4258 nec
1339 4194 1726 4277 refugerunt
1772 4194 2127 4279 scriptores
2174 4194 2527 4281 pedestres,
2568 4184 2675 4249 fre·
