2857 4738
614 331 994 420 Lxxxw
1101 299 1109 308 ’
1277 294 2081 397 νΒοωέοοΜΕΝΑι

617 503 894 568 subinde
981 500 1160 566 dicta
1203 502 1378 583 'si-nt
1458 500 1805 580 audacius,
1896 498 2199 562 idoneam
2286 500 2651 563 excusatio-

615 612 759 653 nem
869 596 1132 655 aratam.
1169 585 1408 651 hab‘ere
1474 586 1892 665 videbuntur.
1984 582 2120 649 Sed
2180 582 2519 649 videamus
2576 584 2657 647 de

617 676 812 759 singu
841 672 914 737 is.

830 842 921 907 Et
1002 840 1280 927 primum
1353 837 1619 923 quidem
1695 838 1855 902 illud
1942 844 2184 905 πειθοῖ
2269 838 2656 919 κεραννύναι

621 926 738 1006 τὴν
811 925 1067 1009 μάχην,
1148 923 1328 1009 quod
1411 924 1656 1011 legitur
1738 921 1915 989 Libr.
2007 925 2125 990 IV.
2209 949 2273 1010 p.
2356 929 2501 991 722.
2544 927 2653 1007 -B,

619 1023 916 1099 apertum
977 1020 1100 1091 est,
1146 1010 1447 1075 vitiatum
1505 1032 1672 1090 esse,
1718 1030 1919 1092 atque
1965 1011 2059 1073 ita
2087 1011 2423 1077 emendari
2470 1034 2655 1099 opor-

617 1108 786 1179 tere,
836 1107 908 1161 ut
951 1119 1072 1184 pro
1115 1093 1334 1174 μάνην
1375 1094 1558 1159 aliud
1606 1092 1769 1178 quid
1813 1094 2260 1180 reponendum
2309 1098 2432 1175 sit3
2486 1094 2655 1182 quod

589 1184 812 1267 .qu·ale
857 1182 966 1265 sit,
1011 1181 1415 1247 ostendimus
1462 1180 1531 1243 in
1562 1178 2084 1250 Commentariis.
2178 1180 2515 1263 Quocirca
2540 1181 2657 1247 hac

617 1272 688 1335 in
760 1290 1001 1337 caussa
1075 1265 1419 1333 memorari
1494 1267 1761 1329 omnino
1832 1287 1967 1329 non
2057 1268 2338 1351 amplius
2449 1268 2655 1333 debet.

621 1344 828 1421 Porro
878 1354 1056 1441 quod
1105 1353 1350 1439 legitur
1389 1350 1575 1417 Libr.
1629 1349 1750 1415 VI.
1798 1374 1859 1436 p.
1910 1354 2052 1417 773.
2104 1352 2187 1418 D.
2234 1353 2424 1429 οἶνος
2470 1356 2651 1421 κολα·

621 1440 896 1522 ζόμενος
937 1438 1065 1507 ὑπὸ
1112 1442 1457 1525 νήφοντος
1500 1441 1730 1517 ἑτέρον
1776 1438 1984 1517 θεοῦ,
2030 1434 2097 1499 id
2144 1436 2465 1503 audacius
2509 1460 2657 1503 sane

620 1527 868 1593 dictum
923 1536 1027 1591 est
1097 1523 1570 1609 displicuitque
1628 1522 1827 1585 etiam
1887 1521 2292 1608 Longino
2350 1520 2658 1589 XXXII.

620 1617 678 1680 7.
743 1637 822 1677 eo
879 1612 1164 1677 nomine.
1271 1609 1416 1673 Nec
1462 1618 1681 1673 tamen
1728 1606 2085 1692 quidquam
2144 1607 2347 1674 habet
2391 1609 2657 1690 inficeti,

618 1699 815 1768 sicuti
899 1698 1057 1761 item
1121 1696 1189 1759 in
1235 1692 1777 1759 Commentariis
1854 1692 2280 1761 ostendimus,
2422 1694 2659 1777 Quam-

617 1785 844 1850 ob‘rem
885 1779 1406 1846 Plutarchus
1454 1778 1697 1861 aliique
1740 1774 1902 1842 illud
1934 1778 2099 1844 adeo
2127 1777 2501 1845 imitatione
2544 1782 2660 1844 fre-

617 1879 1047 1953 quentarunt,
1095 1865 1256 1931 nihil
1299 1864 1557 1931 scilicet
1603 1862 1685 1927 de
1730 1863 1878 1936 ista,
1932 1884 2099 1946 qnae
2150 1878 2483 1951 crepatur,
2530 1867 2659 1929 ine-

617 1954 910 2040 legantia
969 1975 1258 2041 unquam
1317 1949 1656 2036 suspicati.
1743 1948 2423 2027 Poeticumcolorem
2471 1952 2663 2016 refert

619 2040 816 2106 etiam
873 2039 1055 2106 Libr.
1113 2038 1244 2105 III.
1317 2062 1381 2127 p.
1448 2038 1591 2100 691.
1654 2034 1740 2100 Ι).
1798 2036 2084 2118 δίδυμον
2126 2034 2285 2121 ιῗμῖν
2331 2035 2663 2119 φυτεύσας

619 2126 740 2205 τὴν
799 2129 930 2190 τῶν
984 2128 1316 2209 βασιλέων
1361 2128 1621 2207 γένεσιν
1680 2128 1751 2183 ὲκ
1802 2123 2230 2199 μονογενοῦς.
2283 2123 2401 2191 ubi
2448 2133 2660 2187 tamen

620 2222 922 2311 apertum
967 2221 1085 2277 est.
1175 2210 1654 2276 Atheniensem
1736 2203 1816 2268 de
1891 2206 2168 2291 geminis
2218 2207 2660 2273 Lacedaemo·

619 2320 877 2363 morum
950 2297 1216 2385 regibus
1291 2294 1596 2362 consulto
1674 2290 1853 2379 loqui
1914 2290 2292 2357 sublimiore
2346 2294 2658 2358 oratione.

620 2383 754 2450 Sed
817 2383 1124 2449 usitatius
1186 2382 1435 2448 dictum
1494 2379 1755 2445 videtur
1812 2377 2000 2443 Libr.
2061 2377 2229 2445 XII.
2275 2403 2341 2464 p.
2392 2381 2540 2446 945.
2587 2379 2659 2444 Ε.

619 2468 1131 2552 τεκταινώμεθα
1178 2466 1262 2548 δή
1309 2493 1463 2532 τινα
1508 2463 1765 2550 τρόπον
1808 2462 2031 2530 αὐτῶν
2076 2464 2222 2547 (int.
2272 2467 2403 2530 τῶν
2448 2469 2662 2532 πᾶσαν

614 2554 858 2639 ἀρετὴν
923 2554 1344 2632 θαυμαστῶν
1388 2551 1734 2634 εὐθύνων)
1801 2548 2066 2615 τοιάνδε
2111 2557 2408 2634 γένεσινε
2458 2551 2659 2617 arti·

617 2639 938 2704 ficiose
996 2635 1729 2720 fingamus-*hunc¹
1764 2637 2327 2723 euthynarum
2376 2644 2657 2701 ortum.

617 2723 770 2789 Nec
828 2744 985 2786 vero
1047 2719 1300 2786 abludit
1356 2721 1611 2785 ab‘usu
1655 2743 1891 2808 prosae
1936 2723 2253 2789 orationis
2299 2721 2492 2788 Libr.
2534 2719 2655 2786 XI.

616 2834 681 2896 p.
749 2809 892 2872 920.
957 2807 1040 2870 E.
1120 2807 1329 2890 ἔργων
1399 2805 1880 2882 ἀποτελοῦντες
1962 2813 2221 2885 γένεσιν
2287 2811 2659 2888 ἔμμισθον,

673 2913 1015 2976 namquam
1075 2890 1156 2955 ‘id
1214 2891 1625 2956 enuntiatum
1696 2901 1799 2957 eet
1854 2890 2235 2958 delicatiore
2308 2895 2657 2960 verborum

621 2917 883 3044 delectu
955 3001 1076 3064 pro
1139 2977 1433 3064 vulgari:
1517 2980 1675 3063 ἔργα
1720 2982 1824 3042 ἐπὶ
1872 2981 2117 3061 μισθῷ
2161 2979 2653 3054 ἀποτελοῦντες.

615 3063 823 3130 Porro
884 3063 1049 3129 illud
1112 3069 1206 3138 εὶς
1265 3060 1339 3126 τὸ
1389 3063 1539 3148 φῶς
1580 3059 1767 3144 ἄγειν
1813 3062 1924 3128 vel
1962 3063 2347 3146 ἐπανάγειν,
2396 3066 2657 3150 palam

615 3151 1002 3236 proferre
1043 3171 1135 3216 ac
1195 3146 1670 3228 declarare,
1730 3146 1811 3211 de
1860 3149 2095 3230 rebus,
2144 3171 2313 3234 quae
2362 3150 2655 3238 disputa-

613 3237 795 3300 tione
837 3235 1285 3319 explicantur.,
1337 3255 1541 3316 quum
1595 3240 1793 3298 antea
1834 3235 2081 3301 fuerint
2139 3236 2447 3302 occultae
2507 3257 2655 3300 nec-

615 3319 770 3384 dum
827 3319 1226 3402 illustratae,
1285 3317 1410 3384 IV.
1461 3341 1524 3402 p.
1574 3320 1717 3384 724.
1765 3321 1847 3382 A.
1894 3318 2017 3384 VI.
2066 3345 2126 3406 p.
2172 3326 2319 3388 781.
2368 3323 2455 3386 A.
2502 3320 2658 3384 VII.

619 3429 683 3490 p.
753 3405 897 3468 788.
967 3403 1042 3468 C.
1089 3404 1218 3471 IX.
1267 3427 1331 3490 p.
1383 3403 1535 3468 869.
1582 3401 1681 3485 0.,
1728 3425 1849 3468 nos
1899 3404 2163 3487 quidem
2208 3408 2479 3473 minime
2525 3428 2655 3470 mo—

615 3498 833 3571 rat-ur,
894 3490 1149 3555 etiamsi
1185 3489 1370 3554 bene
1430 3490 1751 3571 sciamuS‚
1824 3489 2168 3554 Platonem
2231 3514 2309 3556 ea
2380 3491 2661 3556 formula

617 3575 751 3639 fere
798 3574 896 3637 uti
943 3575 1154 3640 solere
1198 3574 1280 3638 de
1324 3573 1523 3638 rebus
1570 3595 1722 3638 vere
1766 3575 2068 3656 occultis,
2116 3599 2285 3660 quae
2332 3577 2403 3640 in
2449 3578 2657 3642 lucem

613 3659 1055 3746 proferuntur.
1148 3659 1318 3724 Nam
1361 3669 1753 3743 utrumque,
1821 3661 1949 3725 nisi
1996 3661 2164 3726 male
2208 3663 2505 3747 argutari
2552 3685 2657 3726 ve-

619 3745 725 3828 lis,
791 3743 1075 3828 denique
1137 3745 1370 3810 eodem
1438 3743 1654 3808 redire
1722 3745 2149 3812 iudicandum
2218 3756 2341 3812 est.
2432 3747 2657 3811 Dictio

617 3854 813 3920 porro
873 3829 988 3895 illa
1046 3829 1228 3895 Libr.
1285 3829 1374 3896 X.
1451 3852 1514 3913 p.
1572 3830 1717 3894 888.
1777 3831 1861 3896 Α.
1934 3831 2051 3898 ἰ’τω
2132 3833 2214 3912 δὴ
2286 3832 2657 3917 πρόρῥησις

617 3911 844 3982 τοιάδε
875 3941 974 3992 τις
1015 3927 1157 3986 τοῖς
1202 3917 1769 4001 διεφθαρμένοις,
1816 3917 1941 3980 ets‘i
1968 3917 2191 3982 nescio
2219 3916 2378 4000 quid
2410 3916 2656 4016 poelzici

617 4001 838 4084 habet,
863 4011 1083 4066 tamen
1112 4000 1202 4065 ibi
1227 4009 1403 4066 recte
1434 4000 1899 4086 eleganterque
1920 4003 2213 4088 ponitur,
2240 4003 2441 4068 sicuti
2470 4001 2656 4066 facile

617 4087 744 4152 sibi
771 4087 1288 4186 persuadebunt3
1357 4086 1424 4150 ui
1458 4107 1715 4150 omnem
1742 4088 2062 4154 sermonis
2094 4087 2655 4154 continuationem

617 4171 1189 4238 consideraverint.
1295 4110 1439 4236 §ec
1508 4192 1663 4233 vero
1718 4169 1915 4236 habet
1974 4173 2334 4257 quidquam
2396 4171 2655 4236 dubita-
