2857 4738
654 267 777 330 3‘28
1465 267 2026 336 PLATONIS

648 457 813 510 ποῖα
863 469 978 512 και
1027 448 1175 509 τίνα
1214 447 1787 530 μεταχειρίζεσθαι
1813 443 2054 534 χρήσοι
2085 447 2352 531 τρόπον,
2379 438 2432 514 ὦ
2464 445 2712 534 ἄριστε

653 569 785 610 των
849 548 1105 612 παίδων
1167 543 1550 630 ἐπιμελητά,
1612 545 1770 624 τοὺς
1833 545 1966 614 ὑπὸ
2035 553 2157 618 σοῦ
2224 558 2706 646 τρεφομένους,

658 644 782 712 οὐκ
837 643 1204 733 εἰρήκαμεν.
1272 653 1494 714 καίτοι
1563 649 1644 713 τὰ
1713 649 1838 732 μὲν
1893 673 2040 736 περι
2099 650 2215 718 τὸν
2267 651 2612 736 πόλεμον,
2663 650 2704 718 ἂ

654 749 750 815 δεῖ
797 745 1181 828 μανθάνειν
1235 773 1299 815 τε
1348 745 1602 826 αὐτοὺς
1653 753 1762 816 καὶ
1787 755 2084 832 μελετᾶν,
2135 757 2300 838 ἔχεις
2339 755 2436 836 τῷ
2479 753 2704 838 λόγῳ·

653 845 735 914 τὰ
789 850 857 914 δε
910 853 1055 935 περὶ
1107 845 1187 913 τὰ
1242 848 1604 936 γράμματα
1655 853 1924 936 πρῶτον
1975 858 2084 921 καὶ
2137 855 2452 940 δεύτερον
2494 854 2708 940 λύρας

653 955 797 1033 πὲρι
823 955 935 1017 καὶ
984 952 1335 1032 λογισμῶν,
1387 941 1482 1017 ὧν
1531 955 1782 1039 ἔφαμεν
1837 951 1992 1030 δεῖν’,
2046 952 2174 1022 ὅσα
2223 979 2294 1022 ts
2345 953 2527 1039 πρὸς
2573 954 2700 1022 πό-

655 1055 855 1134 λεμον
906 1055 1017 1118 καὶ
1072 1057 1462 1137 οἰκονομίαν
1513 1056 1623 1119 καὶ
1691 1052 1815 1134 τὴν
1881 1054 2052 1122 κατὰ
2107 1053 2298 1123 πόλιν
2372 1059 2696 1137 διοίκησιν

654 1153 896 1236 χρῆναι
952 1151 1271 1230 ἑκάστους
1316 1155 1564 1236 λαβεῖν,
1619 1158 1727 1220 καὶ
1783 1153 1951 1240 πρὸς
2000 1147 2083 1223 τὰ
2137 1154 2312 1224 αὐτὰ
2351 1161 2579 1224 ταῦτα
2612 1164 2699 1225 ἔτι

796 1419 1029 1484 χρήσοι
1072 1419 1346 1490 τρόπον]
1389 1421 1482 1474 Sic
1519 1425 1583 1474 A.
1605 1419 1726 1474 Ω.Ξ
1693 1422 1797 1473 .h.
1816 1441 1852 1473 r.
1870 1441 1916 1472 a.
1931 1439 1972 1474 c.
1993 1423 2035 1475 δ.
2055 1441 2099 1475 ο.
2115 1441 2163 1474 x
2239 1423 2548 1490 Legi-,batur
2583 1425 2707 1476 olim

662 1485 849 1552 χρήσῃ.
888 1489 1235 1542 Seliueiderus
1275 1493 1483 1555 scripsit
1517 1489 1612 1555 χρή
1650 1507 1750 1544 σοι

802 1560 863 1610 C.
906 1557 974 1609 τὰ
1010 1558 1123 1620 μὲν
1161 1562 1301 1626 περὶ
1339 1558 1452 1611 τὸν
1490 1559 1816 1626 πόλεμον]
1853 1560 1943 1623 μὲν
1979 1578 2082 1613 om.
2120 1561 2330 1614 Ricard.
2375 1561 2425 1613 h.

805 1630 904 1678 καὶ
944 1627 1109 1692 πρὸς
1144 1631 1215 1680 τὰ
1254 1627 1413 1680 avt&
1455 1632 1646 1680 ταῦτα
1698 1633 1790 1682 ὅτι
1841 1628 1908 1682 τὰ
1943 1633 2065 1696 χιι]
2113 1629 2174 1680 ιὰ
2207 1648 2310 1684 om.
2347 1631 2468 1683 Ric.
2513 1630 2563 1681 h.
2603 1631 2711 1680 Pro

674 1699 742 1746 ἔτι
783 1695 843 1746 τὰ
876 1711 1039 1763 marg.
1078 1700 1153 1748 Ω.
1194 1715 1240 1752 a.
1279 1715 1324 1754 c.
1364 1699 1411 1755 δ.
1455 1703 1564 1750 τίνα
1598 1699 1668 1750 δέ.

806 1767 865 1819 Ι).
905 1765 994 1816 εἰς
1029 1763 1300 1818 ἕκαστον
1338 1775 1456 1819 τῶν
1491 1769 1836 1835 ἐνιαυτῶν]
1877 1765 1967 1818 τὸν
2001 1765 2239 1818 ἐνιαυτὸν
2281 1775 2339 1822 Α.
2377 1785 2425 1820 v.
2461 1783 2514 1819 x.
2557 1785 2608 1817 α.
2661 1777 2715 1818 et.

668 2005 1117 2070 culuscunque
1182 2009 1355 2058 artis
1410 2023 1482 2060 ac
1545 2007 1635 2059 di-

670 2074 963 2139 sciplina.
1041 2076 1094 2127 ln
1154 2074 1231 2127 liis
1276 2078 1417 2141 quod
1465 2077 1637 2143 Wyt-

670 2144 970 2196 tenbacli.
1020 2146 1087 2196 ad
1138 2145 1405 2199 Plutarch.
1451 2147 1636 2200 Moral.

672 2216 795 2266 Vol.
833 2215 869 2265 Ι.
911 2230 959 2279 p:
998 2215 1084 2268 50.
1119 2217 1205 2265 καὶ
1277 2225 1421 2269 recte
1451 2218 1639 2268 abesse

1740 2015 1892 2076 cepta
1921 2008 1986 2059 de
2005 2007 2278 2073 disciplina
2315 2005 2504 2070 puerili
2543 2006 2596 2056 in
2622 2021 2716 2056 su·

1737 2079 2032 2144 perioribus
2067 2074 2454 2160 praetermissa

1807 2149 1868 2199 C.
1937 2149 2158 2196 καίτοι
2216 2142 2293 2194 τᾶ
2359 2145 2471 2210 μὲν
2551 2143 2718 2205 περὶ

1735 2215 1850 2266 τὸν
1888 2238 1963 2268 πο
1957 2214 2030 2266 ’.λ
2045 2217 2069 2280 ]
2141 2215 2424 2278 corrigens
2453 2213 2525 2262 ab
2564 2213 2715 2264 initio

674 2299 835 2351 posse
884 2285 1193 2349 arbitratur,
1268 2301 1364 2336 nos
1422 2285 1636 2352 quiden

672 2353 961 2405 iudicamus
1018 2356 1183 2407 aliter.
1267 2354 1398 2409 Nam
1459 2356 1636 2407 vocula

675 2426 847 2476 eiecta
882 2425 1161 2476 verborum
1192 2432 1458 2477 structura
1493 2426 1640 2477 labo-

676 2501 817 2544 raret
850 2508 1190 2562 magnopere
1226 2496 1321 2547 nisi
1359 2496 1497 2547 forte
1531 2502 1637 2545 sta·

676 2563 841 2614 tueris
876 2564 989 2627 ipsa
1028 2563 1329 2649 μαθήματα
1352 2564 1456 2615 diei
1485 2578 1640 2630 posse

674 2633 729 2681 δι
732 2630 938 2681 διέσειον
959 2633 1042 2680 καὶ
1064 2630 1266 2695 arcear,
1292 2633 1433 2697 quod
1464 2641 1638 2685 tamen

678 2715 815 2749 nunc
860 2700 1029 2749 minu·
1078 2708 1256 2765 aptum
1312 2712 1417 2761 est,
1483 2718 1638 2767 quum

678 2767 1005 2833 παιδαγωγοὶ
1078 2778 1411 2834 opponantur
1481 2774 1643 2838 magi-

678 2837 817 2887 stris.
858 2836 1010 2887 Cous.
1055 2854 1177 2889 mox
1250 2840 1422 2895 .810.
1468 2844 1534 2891 Α.

752 2907 811 2957 Ρ.
854 2906 975 2961 809.
1030 2906 1090 2958 Β.
1141 2914 1301 2961 ποῖα
1344 2910 1453 2959 καὶ
1498 2913 1644 2960 τίνα

678 2976 1261 3043 μεταχειρίζεσθαι
1316 2984 1425 3041 -J
1502 2980 1645 3030 Vere

618 3072 621 3077 ·
682 3048 979 3098 observavit
1031 3048 1336 3099 Zellerus
1401 3048 1641 3099 Studior.

686 3118 975 3168 Platonicc.
1025 3132 1073 3179 p.
1116 3116 1196 3170 79.
1240 3119 1546 3183 saepissime
1595 3118 1645 3167 in

684 3186 761 3237 liis
797 3187 937 3237 libris
972 3186 1099 3247 lieri,
1138 3193 1196 3238 ut
1228 3190 1304 3249 is,
1349 3188 1435 3251 qui
1473 3186 1647 3251 dispu-

686 3262 782 3317 tat,
802 3258 1029 3320 aliquem
1051 3257 1210 3319 fingat
1230 3262 1471 3321 tauquam
1497 3272 1648 3323 prae-

686 3331 887 3377 sentem
942 3326 1169 3377 sermoni
1216 3328 1470 3377 interesse
1507 3341 1650 3379 eum-

686 3410 789 3461 que
822 3396 1134 3459 alloquatur.
1165 3395 1320 3449 Quod
1348 3404 1522 3447 tamen
1549 3410 1650 3447 non

692 3481 721 3515 a
748 3464 976 3515 Platonis
1010 3480 1157 3516 more
1173 3464 1454 3519 abhorrere
1475 3480 1645 3529 neque

690 3537 785 3597 pro
822 3533 1009 3585 vitioso
1046 3540 1099 3585 et
1134 3535 1309 3601 inepto
1360 3536 1646 3589 habendum

688 3616 811 3651 esse
868 3602 965 3652 iam
1002 3604 1105 3652 alio
1143 3605 1259 3655 loco
1303 3606 1647 3657 ostendimus.

688 3670 761 3721 Et
807 3667 905 3720 hoc
947 3670 1155 3733 quidem
1214 3674 1332 3725 loco
1380 3676 1652 3741 aptissime

690 3739 1031 3805 compellatur
1067 3740 1129 3801 is,
1166 3744 1254 3805 qui
1278 3745 1552 3796 universae
1574 3745 1649 3795 in·

690 3808 945 3860 stitutioni
968 3814 1021 3859 et
1046 3777 1342 3863 educationi
1365 3828 1644 3877 puerorum

692 3877 984 3945 praefectus
1010 3888 1108 3942 est,
1124 3880 1365 3942 quoniam
1386 3882 1501 3945 lpse
1517 3898 1644 3947 quo-

692 3963 792 4013 que
830 3947 1112 3999 instituitur
1136 3948 1458 4014 diligentius,
1495 3960 1652 4015 atque

695 4017 978 4077 edocetur,
1015 4033 1113 4081 qua
1157 4019 1237 4069 sin
1276 4026 1330 4069 et
1366 4020 1572 4071 ratione
1607 4020 1654 4070 in

695 4087 924 4151 regenda
969 4092 1025 4136 et
1064 4086 1381 4140 moderanda
1420 4089 1654 4141 iuventu-

696 4159 762 4207 tis
800 4156 1123 4210 institutione
1158 4157 1231 4207 uti
1270 4156 1477 4211 debeat.
1553 4158 1655 4209 Ad-

695 4224 886 4275 duntur
908 4228 1043 4278 enim
1060 4228 1244 4281 dehinc
1256 4230 1492 4280 nonnulla
1510 4243 1656 4293 prae·

1735 2287 1878 2352 quod
1927 2285 2086 2340 modo
2129 2283 2328 2336 dixerat
2375 2281 2534 2333 addit
2585 2282 2714 2332 hoc·

1739 2369 2122 2422 quamquam
2157 2368 2318 2419 quae
2347 2350 2424 2402 ad
2464 2353 2714 2405 bellum

1739 2432 2090 2495 spectant,
2166 2429 2488 2488 quatenus
2584 2438 2716 2473 eos

1739 2500 2054 2564 oporteat
2102 2493 2366 2543 discere
2414 2498 2484 2542 et.
2535 2507 2709 2544 exer-

1737 2581 1922 2627 cere,
1989 2564 2052 2613 id
2112 2577 2262 2613 vero
2324 2562 2453 2611 iam
2523 2566 2705 2613 tenes

1739 2635 2054 2701 oratione
2079 2632 2414 2693 instituta.
2433 2629 2705 2681 Tumvero

1741 2704 1912 2771 pergit
1954 2706 2056 2753 sic.
2115 2702 2240 2751 Sed
2290 2699 2372 2751 de
2419 2699 2705 2759 litteris,

1745 2774 1988 2825 musica
2035 2777 2100 2822 et
2149 2768 2572 2834 computandi
2621 2784 2708 2819 ra-

1743 2844 1922 2895 tioue
1965 2843 2343 2893 etiamnunc
2397 2838 2713 2904 diligen·

1745 2915 1880 2963 tius
1926 2907 2387 2977 explicandum
2442 2914 2581 2975 est3
2635 2908 2716 2959 de

1747 2982 1842 3033 liis
1881 2980 2044 3032 enim
2081 2980 2273 3031 rebus
2301 2976 2588 3029 nondum
2625 2994 2715 3028 sa-

1747 3054 1838 3103 tis
1873 3064 1946 3101 es
1980 3056 2175 3100 antea
2211 3047 2512 3101 edoctus.
2573 3046 2718 3097 Hanc
2812 3030 2815 3045 ¹

1751 3136 1876 3172 vero
1913 3119 2220 3169 senteutiam
2257 3118 2520 3181 eloquitur
2543 3119 2718 3181 paullo

1753 3190 2035 3256 prolixius,
2072 3189 2214 3252 quod
2251 3189 2422 3252 ipsum
2460 3186 2718 3249 deprava·

1751 3261 1880 3309 tioui
1915 3258 2186 3311 verborum
2226 3271 2402 3307 anisam
2426 3255 2592 3309 dedit.
2637 3255 2718 3304 Vi-

1751 3330 1937 3381 demur
1990 3334 2162 3379 tamen
2223 3325 2497 3376 leuissima
2549 3330 2719 3375 muts-

1751 3400 1894 3449 tione
1929 3399 2098 3453 locum
2146 3394 2428 3460 integritati
2467 3407 2598 3446 suae
2634 3408 2720 3443 re—

1747 3468 1996 3519 stituisse.
2068 3464 2272 3517 Etenim
2318 3462 2604 3515 tenendum
2642 3466 2722 3514 est

1749 3539 1994 3603 primum,
2036 3540 2158 3600 post
2193 3537 2348 3582 ταῦτα
2396 3525 2547 3595 πάσῃ
2579 3527 2720 3581 πόλει

1749 3612 1966 3671 repente
2015 3604 2189 3655 inferri
2233 3602 2721 3665 interrogationem

1747 3691 1850 3741 qua
1914 3666 2184 3725 inchoatae
2250 3669 2500 3723 orationis
2569 3677 2719 3721 tenor

1752 3744 2031 3810 paullisper
2098 3742 2388 3803 inhibetur,
2460 3739 2722 3804 siquidem

1751 3814 1933 3865 dehinc
1969 3819 2212 3876 tanquam
2248 3825 2340 3877 per
2384 3812 2720 3860 occasionem

1751 3883 1816 3936 ad
1865 3881 2004 3934 aliud
2051 3879 2177 3946 quid
2224 3879 2501 3939 transitur,
2553 3893 2719 3942 usque

1753 3954 1874 4003 dum
1926 3952 2201 4016 abruptum
2258 3950 2522 4000 sermonis
2585 3948 2722 3999 filiun

1755 4022 1928 4072 denuo
1963 4020 2262 4072 resumitur.
2313 4018 2474 4070 Quod
2512 4018 2723 4081 quidem

1753 4092 1812 4141 nt
1859 4096 1979 4157 post
2013 4090 2278 4155 ἔμφρονας
2324 4081 2726 4152 ἀπεργάζωνται,

1755 4160 1842 4210 ubi
1891 4159 2114 4225 denique
2162 4159 2490 4222 subiungitur
2524 4157 2726 4221 spodo-

1759 4231 1848 4279 sis.
1925 4230 2106 4293 ltaque
2145 4237 2264 4293 post
2314 4224 2448 4288 πάσῃ
2491 4224 2640 4277 πόλει
2680 4232 2730 4276 et
