2857 4738
832 327 968 399 DE
1016 275 1440 394 LEGIBUs
1487 339 1608 392 etc.
2081 327 2220 392 XV
2273 368 2276 370 v

198 497 361 562 tandi
402 497 741 582 negotium
786 521 863 561 ea
905 497 1183 579 ratione,
1229 507 1303 562 ut
1345 506 1658 580 tanquam
1703 498 1976 565 fortuito
2021 522 2220 566 cursu

198 583 312 648 huc
368 592 431 648 et
486 583 648 647 illuc
714 583 995 664 feratur,
1072 582 1131 646 le
1184 593 1504 666 cutesque
1579 580 1762 647 dubii
1841 592 1908 648 et
1981 587 2218 652 incerti

199 680 512 752 maneant,
574 690 891 752 quorsum
950 689 1055 734 res
1130 605 1414 751 denique
1479 689 1758 732 evasura
1809 670 1914 734 sit..
2018 671 2219 752 Quod

198 753 437 837 quidem
478 777 559 818 eo
604 754 817 840 magis
859 754 955 818 ita
997 753 1257 818 eveniat
1284 771 1558 818 necesse
1603 762 1728 836 est,
1773 776 1906 838 quo
1947 753 2218 823 liberius

200 839 454 904 subinde
511 849 796 925 vagatur
848 839 1095 920 oratic,
1158 848 1233 904 ut
1296 839 1467 904 adeo
1524 838 1718 924 plane
1776 861 1816 902 a
1870 844 2218 926 proposito

200 924 477 988 aberrare
550 923 875 992 videatur.
934 923 1211 1006 ·Itaque
1288 947 1526 990 cursus
1600 923 2068 1014 disputationis
2139 951 2218 992 ac

200 1009 379 1075 veluti
432 1011 562 1074 iter
624 1009 863 1074 callide
926 1011 1351 1092 occultatur,
1398 1011 1496 1074 ita
1537 1018 1650 1092 ut,
1699 1011 1812 1096 qui
1856 1011 2029 1078 viam
2076 1014 2218 1080 eius

200 1095 389 1160 minus
464 1093 827 1182 diligenter
896 1094 1510 1177 animadverterint,
1577 1095 1626 1159 ii
1699 1095 1891 1162 facile
1958 1121 2216 1166 omnem

201 1179 320 1246 eius
362 1180 662 1257 ordinem
708 1181 1157 1264 rationemque
1204 1179 1604 1262 desiderent,
1652 1182 1814 1264 quin
1857 1183 2054 1250 etiam
2083 1207 2220 1250 am-

199 1265 399 1351 bigere
458 1265 823 1352 incipiant,
887 1265 1049 1348 quid
1110 1265 1377 1330 tandem
1433 1265 1599 1330 illud
1645 1267 1762 1350 sit,
1807 1265 1888 1332 de
1935 1293 2066 1354 quo
2109 1293 2219 1336 su-

198 1361 405 1438 scepta
460 1351 553 1416 sit
614 1351 978 1437 disputatio
998 1399 1019 1432 ,
1087 1351 1333 1450 quippe
1390 1373 1592 1434 quum
1649 1361 1716 1417 et
1757 1353 1978 1439 plures
2019 1377 2222 1438 quac-

196 1437 423 1502 stiones
449 1437 654 1504 simul.
696 1437 1027 1522 agitentur
1052 1447 1121 1500 et
1165 1435 1267 1502 dis
1315 1437 1631 1502 utationis
1663 1455 1896 1504 cursus
1925 1439 2080 1503 ferri
2119 1440 2222 1506 in-

196 1522 415 1586 solenti
467 1522 777 1588 libertate
840 1519 1161 1586 videatur.
1333 1521 1494 1586 eluti
1537 1521 1605 1587 in
1649 1523 1831 1591 libris
1877 1523 1964 1590 de
2001 1523 2223 1612 Repu-.-

198 1607 353 1672 bliea
394 1612 432 1672 a
474 1607 707 1676 multis
747 1628 1143 1706 magnopere
1198 1607 1572 1674 dubitatum
1617 1618 1739 1692 est,
1787 1619 2222 1694 quaeraturne

202 1693 603 1777 potissimum
680 1689 763 1756 de
842 1691 1097 1762 iustitia
1166 1703 1235 1758 et
1302 1693 1600 1779 perfecta
1674 1695 1918 1761 virtute
1993 1718 2080 1776 an
2139 1695 2222 1762 de·

200 1778 456 1862 optima.
484 1778 793 1855 civitate3
850 1787 1053 1861 atque
1110 1779 1341 1846 similis
1397 1789 1506 1844 est
1561 1781 1728 1845 ratio
1774 1782 1966 1848 etiam
2009 1781 2224 1848 Phae-

200 1860 323 1945 dri,
381 1863 761 1951 Symposii,
838 1863 1117 1947 aliorum·
1176 1863 1612 1952 dialogorum.
1727 1866 1978 1932 Verum
2049 1868 2224 1934 enim

200 1969 341 2014 vero
394 1946 948 2034 quemadmodum
1007 1951 1207 2038 pqeta
1263 1951 1566 2016 scenicus
1627 1950 1922 2020 diversas
1963 1953 2224 2032 fabulae

202 2055 379 2114 suae,
435 2058 640 2120 quam
699 2033 963 2118 quidem
1046 2058 1128 2100 ex
1214 2037 1373 2102 artis
1427 2036 1688 2123 legibus
1759 2038 2222 2126 composuerit,

202 2128 440 2203 partes,
498 2119 807 2204 quamv-is
865 2120 1097 2207 primo'
1126 2119 1454 2207 adspectu
1519 2120 1678 2186 mire
1750 2120 2224 2209 discrepantes,

202 2215 399 2270 tamen
454 2205 749 2289 denique
802 2216 957 2292 apte
1012 2207 1185 2270 inter
1236 2206 1417 2291 ipsas
1482 2206 1754 2292 copulat
1813 2219 2012 2292 atque
2068 2229 2228 2273 con-

203 2290 419 2377 iungit,
459 2291 565 2356 ita
606 2300 685 2356 ut
718 2301 1053 2377 postremo
1101 2293 1319 2356 omnia
1360 2304 1562 2374 atque
1591 2292 1851 2377 singula
1891 2291 1978 2356 ad
2022 2315 2226 2359 unum

206 2375 621 2463 eundemque
669 2376 869 2441 finem
940 2375 1341 2459 contendere
1422 2375 1747 2461 planeque
1825 2378 1996 2451 inter
2079 2400 2226 2443 sese

208 2465 538 2531 convenire
598 2472 955 2549 appareat,
1008 2460 1125 2525 ‘ita
1182 2458 1379 2525 etiam
1439 2461 1630 2527 Plato
1699 2483 1872 2546 quae
1945 2462 2230 2529 maxima

204 2546 495 2613 varietate
547 2545 1069 2633 distinguuntur
1094 2554 1163 2613 at
1207 2568 1291 2613 ue
1345 2545 1516 2612 adeo
1558 2546 1738 2612 omni
1789 2546 2038 2615 ordinis
2081 2548 2230 2636 lege

204 2640 262 2695 et
308 2634 561 2701 ratione
624 2632 936 2697 videntur
976 2654 1123 2698 esse
1215 2633 1524 2715 estituta,
1583 2642 1716 2697 tam
1759 2634 1923 2699 scite
1967 2634 2229 2721 elegan-

204 2725 417 2801 terque
468 2719 649 2785 inter
706 2718 860 2803 ipsa
912 2718 1312 2804 coniungere
1359 2727 1440 2792 et,
1469 2718 1824 2785 conciliare
1867 2720 2042 2785 solet
2061 2766 2082 2802 ,
2129 2730 2227 2801 ut,

205 2802 305 2867 ubi
354 2804 551 2870 lectis
606 2802 691 2867 ad
750 2803 950 2867 finem
1021 2825 1233 2886 usque
1292 2802 1436 2869 eius
1497 2805 1912 2871 sermonibus
1969 2806 2072 2871 sin
2123 2804 2231 2872 ula

203 2890 562 2955 accuratius
619 2890 893 2956 rimatus
934 2888 1161 2970 fueris,
1218 2888 1648 2955 mirabundus
1693 2889 1962 2959 tandem
2003 2828 2232 2957 vigeas

200 2981 264 3037 et
316 2973 807 3041 animadvertas
850 2972 1013 3042 nihil
1058 2994 1341 3056 usquam
1382 2974 1696 3061 reperiri,
1743 2974 1923 3059 quod
1965 2977 2102 3051 non
2145 2974 2232 3039 ad

202 3080 390 3125 unum
434 3062 723 3143 eumque
764 3082 1088 3125 summum
1124 3070 1337 3145 „atque
1381 3060 1682 3126 ultimum
1725 3060 1926 3125 finem
1975 3060 2232 3145 sapien—

202 3143 440 3227 tissime
484 3152 997 3236 attemperatum
1040 3144 1131 3211 sit
1170 3154 1241 3211 et
1272 3143 1606 3211 communi
1649 3140 1934 3229 quodam
1966 3142 2234 3215 vinculo

203 3250 341 3293 cum
428 3230 743 3297 universo
842 3228 1315 3315 disputationis
1412 3251 1694 3316 corpore
1801 3228 2233 3301 contineatur.

202 3310 545 3381 Enimvero
599 3314 901 3381 diversae
958 3315 1145 3399 illae,
1206 3336 1381 3400 quae
1425 3314 1771 3396 videntur,
1815 3314 2235 3398 quaestiones

200 3400 577 3485 neutiquam
601 3400 934 3467 seiunctae
976 3423 1017 3466 a
1058 3421 1129 3467 se
1175 3400 1454 3466 invicem
1497 3410 1616 3479 aut
1657 3399 1852 3484 plane
1895 3410 2238 3487 separatae

202 3484 411 3551 solent
454 3506 626 3567 esse,
672 3485 793 3551 sed
847 3484 1071 3571 potius
1116 3486 1213 3552 ita
1254 3493 1703 3570 comparatae,
1748 3493 1822 3549 ut
1863 3508 1998 3549 non
2040 3484 2237 3551 modo
2313 3527 2318 3533 ·

202 3581 491 3637 mutuam
550 3571 681 3638 sibi
724 3572 1006 3638 invicem
1048 3572 1263 3637 lucem
1308 3567 1688 3654 affundent,
1733 3569 1856 3635 sed
1899 3570 2096 3637 etiam
2139 3572 2239 3635 in-

202 3652 573 3724 dissolubili
630 3656 918 3741 quadam
972 3654 1465 3741 necessitudine
1521 3656 1694 3723 inter
1771 3655 1950 3742 ipsas
2027 3656 2239 3723 conti-

202 3751 497 3809 neantur.
584 3740 973 3817 Liberiores
1026 3751 1247 3809 autem
1302 3762 1678 3809 sermonum
1722 3736 2240 3819 vicissitudines,
2259 3793 2272 3799 -

202 3826 455 3893 etiamsi
520 3827 821 3915 legentes
844 3890 854 3895 -
877 3828 1008 3895 huc
1070 3837 1275 3911 atque
1336 3826 1496 3893 illuc
1581 3826 1950 3907 deducant,
2023 3834 2242 3894 tamen

202 3910 463 3977 eosdem
524 3911 811 3997 denique
868 3911 987 3977 ad=
1027 3934 1347 3977 summum
1408 3912 1693 3995 aliquem
1752 3912 1948 3977 finem
2005 3930 2244 3995 prove-

203 3992 399 4078 hunt,
457 3996 637 4062 unde
682 3996 1037 4083 aliquando
1076 3998 1292 4063 'totum
1338 3996 1538 4073 liceat
1587 3995 2054 4082 disput-ationis
2095 3994 2241 4074 iter,

202 4090 401 4165 atque
444 4082 823 4149 universum
867 4104 1167 4166 campum
1184 4130 1205 4165 ,
1242 4080 1367 4165 qui
1412 4080 1812 4169 disputando
1855 4091 2246 4167 peragratas

204 4164 427 4247 fuerit,
452 4167 659 4235 veluti
698 4191 826 4233 uno
870 4168 1105 4233 obtutu
1151 4167 1458 4249 lustrare,
1499 4180 1572 4233 et
1599 4188 1732 4249 quo
1763 4184 2070 4249 quaeque
2094 4164 2244 4235 loco
