2857 4738
645 273 784 371 mi
865 355 872 358 .
1311 295 2043 366 PROLEGOMENA

644 475 815 540 inter
852 471 1058 539 libros
1104 469 1406 539 Platonis
1450 469 1717 555 quidam
1762 470 1845 534 ab
1888 477 2161 536 auctore
2205 467 2499 536 inchoati
2542 477 2685 542 tan-,

644 570 786 624 tum
845 577 1060 641 neque
1105 555 1425 638 absoluti,
1473 565 1549 620 ut
1594 578 1727 622 non
1773 554 1907 620 sint
1948 553 2245 618 ultimam
2290 553 2565 620 artificis
2609 553 2689 618 li-

644 666 818 708 mam
863 641 1120 727 experti
1161 663 1377 725 neque
1423 662 1903 725 usquequaque
1945 639 2276 726 perpoliti,
2328 663 2497 723 quos
2540 641 2687 724 qui·-

646 727 824 794 dem‘
853 725 1226 794 mirandum
1282 734 1461 792 certe
1508 749 1642 790 non
1688 736 1795 791 est
1835 726 1993 790 item
2034 725 2431 810 singularem
2477 747 2685 809 quan-

641 812 796 878 'd'am
853 811 1138 880 subinde
1195 811 1549 876 ostendere
1612 811 1930 879 orationis
1987 811 2269 894 speciem
2310 820 2511 894 atque
2555 811 2685 876 ior-

645 922 834 966 mam.
930 898 1121 964 Haec
1178 897 1384 983 igitur
1444 919 1593 980 eos,
1652 897 1767 980 qui
1825 895 1907 960 de
1967 894 2265 963 Platonis
2312 896 2685 963 elocutione

645 1007 722 1050 ac
779 981 1046 1047 dicendi
1103 1004 1344 1068 genere
1404 981 1767 1068 prudenter
1822 980 2139 1047 iudicium
2195 981 2411 1046 facere
2457 981 2683 1064 velint,

643 1087 1002 1152 sanequam
1058 1078 1286 1132 tenere
1332 1076 1627 1153 oportet,
1674 1065 2207 1151 quandoquidem
2255 1066 2549 1152 alioquin
2592 1067 2684 1130 fa-

645 1154 881 1219 cillime
926 1152 1188 1218 evenire
1234 1161 1481 1238 potest,
1526 1161 1605 1216 ut
1646 1152 1943 1238 quamvis
1989 1152 2205 1216 omnia
2232 1153 2487 1219 rimeris
2534 1152 2683 1218 sub-

645 1239 970 1321 tilissime,
1016 1247 1237 1304 tamen
1282 1237 1364 1304 de
1409 1261 1660 1304 summa
1713 1235 1801 1302 re'
1832 1236 2119 1320 denique
2166 1237 2233 1302 in
2278 1237 2577 1302 fraudem
2621 1247 2685 1304 et

643 1347 930 1391 errorem
971 1322 1326 1389 inducaris.
1415 1325 1645 1408 Atque
1701 1321 1875 1386 idem
1919 1321 2085 1388 illud
2128 1323 2212 1388 im
2266 1323 2443 1388 rim-is
2488 1323 2682 1404 etiam

645 1411 713 1474 in
759 1407 1118 1475 iudicanda
1177 1409 1476 1476 oratione
1535 1408 1839 1496 Legibus
1882 1408 2151 1494 propria
2244 1408 2546 1492 iligenter
2588 1416 2685 1472 est

646 1492 1156 1577 observandum,
1201 1495 1389 1563 cuius
1436 1495 1647 1559 omnis
1695 1493 1952 1558 indoles
1982 1505 2179 1579 atque
2222 1495 2389 1558 ratio
2438 1494 2533 1568 ita
2576 1492 2682 1559 de-

643 1603 820 1646 mum
873 1579 1070 1664 plane
1131 1581 1562 1665 perspicitur„
1622 1579 1679 1644 si
1735 1578 1903 1644 bene
1961 1579 2484 1661 meminerimuS‚
2539 1588 2682 1645 'esse

644 1687 784 1730 eam
828 1666 1230 1749 tum,0peris
1277 1666 1591 1736 materiae
1634 1674 1701 1730 et
1742 1674 2131 1751 argumento
2175 1672 2315 1728 tum
2346 1664 2683 1750 scriptoris

553 1758 572 1762 “’
644 1749 936 1817 consiliis
982 1759 1049 1812 et
1095 1751 1299 1816 aetati
1361 1749 1555 1836 plane
1600 1759 2125 1835 consentaneam.
2219 1750 2323 1816 De
2366 1772 2503 1834 qua
2546 1749 2681 1834 qui-

645 1835 791 1900 dem
838 1857 908 1899 re
953 1834 1242 1901 breviter
1287 1837 1671 1922 exposuisse
1716 1835 1989 1901 iuvabit.
2384 1839 2391 1844 '

817 1970 906 2036 Et
978 1969 1142 2034 illud
1202 1969 1464 2054 quidem
1526 1970 1795 2034 omnino
1862 1967 2202 2034 fatendum
2276 1978 2413 2050 est,
2484 1967 2682 2054 prima

643 2056 876 2123 saltem
934 2055 1154 2144 specie
1215 2055 1378 2120 nihil
1442 2076 1587 2120 esse
1647 2057 1821 2127 inter
1876 2077 1947 2120 se
2011 2053 2428 2136 dissimilius,
2494 2073 2681 2136 quam

643 2142 992 2225 librorum,
1046 2141 1161 2225 qui
1219 2149 1374 2206 sunt
1420 2139 1503 2204 de
1549 2141 1870 2226 Legibus,
1920 2148 1986 2204 et
2050 2149 2419 2204 ceterorum
2465 2139 2680 2203 Plato-⁴

645 2227 748 2293 nis
811 2239 1183 2293 sermonum
1233 2227 1619 2309 orationem,
1667 2235 1744 2290 ut
1790 2225 2093 2311 profecto
2138 2225 2399 2289 minime·
2453 2224 2683 2288 mirans

641 2311 798 2379 dum
839 2313 958 2398 sit,
1009 2311 1188 2399 quod
1233 2311 1398 2378 haec
1440 2313 1585 2399 ipsa
1630 2333 1736 2378 res
1780 2311 2035 2399 magnis
2084 2310 2443 2395 multisque
2488 2308 2567 2374 de
2608 2307 2680 2372 il·-

641 2400 852 2466 lorum
943 2408 1093 2469 ortu
1189 2407 1257 2462 et
1343 2398 1751 2463 'auctoritate
1805 2478 1811 2482 .
1850 2396 2376 2461 dubitationibus
2468 2416 2678 2461 ansam

640 2484 962 2570 praebuit.
1055 2481 1501 2547 Nihilominus
1559 2492 1778 2547 autem
1836 2492 2012 2547 recte
2056 2480 2357 2547 videmur
2399 2490 2677 2547 statuere

641 2580 707 2635 et
753 2590 1156 2649 asseverare,
1205 2589 1352 2631 esse
1397 2569 1604 2638 istam
1625 2568 1988 2633 orationem
2032 2568 2224 2652 plane
2251 2567 2675 2647 Platonicam,

641 2662 838 2738 atque
897 2653 991 2717 ita
1053 2660 1533 2736 comparatam,
1595 2662 1671 2717 ut
1725 2654 1935 2736 omnis
2000 2654 2141 2718 eius
2184 2652 2444 2717 indoles
2490 2662 2677 2736 atque

642 2738 850 2803 v'irtus
897 2761 978 2801 ex
1022 2738 1314 2803 universi
1360 2738 1577 2823 operis
1627 2746 2039 2821 argument0‚
2091 2738 2392 2820 consilio,
2444 2745 2673 2817 aetate,

639 2822 908 2888 fortuna
965 2820 1248 2907 denique
1303 2821 1624 2887 declarari
1683 2836 1904 2909 queat.
1954 2886 1961 2891 ,
2006 2822 2113 2889 De
2198 2844 2330 2908 qua
2404 2846 2476 2888 re
2550 2844 2674 2887 non

639 2918 774 2971 tam
835 2907 1103 2993 copiose
1165 2906 1507 2993 disputare
1556 2932 1751 2994 quam
1797 2909 2089 2973 breviter
2132 2906 2485 2973 admonere
2528 2930 2674 2972 con·-

642 2994 886 3059 sultum
933 2993 1272 3076 duximus,
1335 2993 1870 3079 quandoquidem
1932 3016 2064 3058 rem
2108 2994 2317 3080 ipsam
2378 3004 2675 3078 putamus
2762 3074 2774 3083 μ

638 3080 834 3159 etiam
882 3080 1026 3165 sine
1075 3078 1324 3143 diserta
1383 3088 1917 3165 argumentorum
1965 3080 2375 3165 expositione
2419 3079 2673 3143 audien-

637 3164 969 3231 tiam-<sibi
1027 3186 1173 3231 esse
1240 3164 1583 3232 facturam.
1672 3163 1847 3231 Sunt
1902 3174 2121 3229 autem
2188 3165 2354 3229 haec
2414 3162 2671 3265 potissi·

638 3269 834 3333 mum,
883 3249 1058 3317 unde
1105 3248 1267 3335 quid
1311 3251 1404 3314 rei
1439 3250 1547 3333 sit,
1593 3249 1877 3336 intelligi
1923 3260 2123 3336 atque
2162 3248 2444 3316 iudicari
2489 3255 2671 3337 'posse

637 3334 1048 3400 arbitramur.
1886 3378 1894 3383 -

809 3452 1072 3518 Etenim
1129 3454 1410 3539 primum
1459 3452 1981 3537 quidem-omnis
2024 3456 2161 3521 fere
2202 3455 2435 3521 horum
2476 3434 2671 3519 libross

634 3558 777 3604 rum
851 3537 1212 3625 disputatio
1289 3540 1358 3603 in
1446 3538 1867 3623 exquirendis
1941 3539 2415 3625 tradendisque
2480 3539 2669 3605 rebus

633 3621 942 3688 civilibus
1006 3634 1206 3708 atque
1252 3622 1513 3709 legibus
1560 3622 1927 3689 scribendis
1972 3640 2307 3706 versatur,
2354 3623 2669 3711 siquidem

523 3730 528 3735 ’
630 3707 1092 3793 PhilOSOPhlffls
1141 3708 1222 3775 de
1273 3711 1403 3773 icta
1456 3710 1742 3791 optimae
1791 3718 1857 3773 et
1898 3709 1969 3774 in
2013 3734 2085 3777 se
2132 3711 2471 3777 absolutae
2517 3704 2666 3772 civi.-

631 3792 787 3857 tatis
833 3792 1142 3879 imagine,
1260 3794 1563 3860 escendit
1608 3794 1692 3859 ad
1735 3794 2217 3862 informandam
2248 3818 2389 3863 eam
2418 3813 2665 3877 rempu-

628 3878 887 3960 blicam,
935 3901 1103 3962 quae
1149 3889 1326 3945 esset
1371 3879 1639 3965 quidem
1682 3889 1749 3943 et
1790 3879 1937 3965 ipsa
1972 3882 2249 3967 optima,
2296 3878 2414 3947 sed
2458 3886 2664 3943 tamen

629 3984 708 4027 ea
761 3962 1140 4030 conditione
1200 3965 1482 4050 optima,
1530 3980 1606 4030 ut
1647 3988 1781 4035 non
1820 3964 2161 4034 videretur
2204 3988 2245 4031 a
2286 3967 2460 4031 vitae
2504 3958 2664 4028 veri·

628 4055 762 4113 tate
808 4049 1102 4120 alienior.
1190 4049 1532 4132 Quocirca.
1570 4050 1697 4115 hoc
1740 4052 2000 4117 nomine
2041 4052 2168 4140 ipsi
2214 4050 2479 4120 omnino
2506 4066 2662 4133 opus

627 4131 754 4197 fuit
814 4156 891 4198 eo
937 4154 1273 4217 sermone,
1341 4136 1455 4218 qui
1514 4134 1735 4219 legum
1783 4135 2010 4203 lationi
2056 4132 2661 4205 essetconvenienfl
