2857 4738
832 362 955 431 DE
1003 363 1421 432 LEGIBUS
1473 377 1576 432 etc
1809 355 1812 358 ⁴
1855 363 2210 450 XXXVII

184 556 249 600 so
298 536 451 601 hum
520 536 719 602 etiam
762 537 887 602 hac
930 556 1165 603 caussa
1220 546 1464 602 motum
1509 560 1702 603 senes
1748 537 2086 602 induxisse
2132 537 2216 620 de

181 643 244 686 re
288 642 363 686 us
421 620 735 688 civilibus
792 623 1323 689 sermocinantes.
1424 623 1570 688 Nec
1646 647 1804 689 vero
1877 622 2213 710 negligen-

182 705 322 774 dum
384 717 525 791 est,
590 709 937 773 Platonem
996 711 1253 794 ipsum,
1316 731 1448 794 quo
1507 718 1800 795 tempore
1863 705 1988 773 hoc
2045 731 2212 793 opus

182 792 404 858 litteris
466 794 890 882 consignavit
906 842 939 874 ,-
983 795 1111 858 iam
1166 794 1279 884 “11¹
1312 795 1627 882 grandem
1686 795 2060 880 pervenisse
2105 802 2215 858 'ae-

182 889 385 944 tatem.
494 879 693 945 Fecit
764 881 971 980 igitur
1046 901 1250 946 senex
1314 901 1502 946 senes
1581 879 2070 966 colloquentes,
2141 888 2213 944 'ut

180 966 353 1050 quasi
432 967 689 1053 proprii
766 989 897 1032 v1m
971 965 1219 1053 ingenii
1299 967 1629 1052 animique
1705 966 2064 1052 exprimere
2147 977 2214 1030 et

180 1062 669 1137 repraesentare
710 1052 996 1118 voluisse
1040 1052 1360 1118 videatur.
1687 1089 1693 1096 -

335 1138 480 1202 Iam
547 1161 703 1206 vero
762 1139 924 1202 haec
986 1138 1133 1222 ipsa
1193 1161 1296 1203 res
1359 1137 1490 1202 dici
1553 1161 1685 1202 non
1740 1145 1962 1224 potest
1991 1152 2210 1222 ‘quan-

186 1233 301 1287 tum
376 1225 585 1290 etiam
671 1221 757 1287 ad
831 1225 1038 1290 omnis
1126 1225 1440 1290 sermonis
1515 1224 1800 1289 colorem
1876 1234 1946 1288 et
2022 1224 2210 1308 quasi

184 1308 465 1375 habitum
566 1307 990 1375 iudicandum
1074 1311 1335 1376 referat.
1474 1309 1756 1374 Effinxit
1825 1309 1994 1376 enim
2063 1309 2212 1393 phi-
2276 1343 2287 1355 ·

182 1393 485 1481 losophus
572 1393 744 1460 hanc
816 1395 1029 1479 ipsam
1084 1397 1183 1461 ob
1237 1401 1566 1462 ”caussam
1642 1395 1958 1461 sermonis
2038 1395 2211 1460 seni-

180 1480 250 1543 lis
321 1483 516 1566 quasi
596 1482 885 1567 speciem
944 1481 1269 1566 quandam
1330 1491 1399 1547 et
1457 1481 1842 1567 imaginem,
1926 1479 2211 1563 ideoque

182 1566 707 1652 colloquentibus
768 1568 999 1633 tribuit
1057 1567 1571 1654 disputationem
1617 1589 1791 1648 eam,
1845 1587 2036 1650 quae,
2084 1565 2210 1631 etsi

184 1651 485 1718 videatur‘
552 1655 939 1735 πρεσβυτῶν
1014 1657 1289 1736 ἕμιρων
1348 1679 1453 1730 τις
1507 1653 1772 1732 παιδιά,
1847 1652 2040 1717 sicuti
2109 1661 2213 1718 est

186 1738 355 1803 Libr.
418 1738 549 1804 VI.
595 1762 658 1825 p.
707 1741 851 1802 769.
898 1741 981 1803 A.
1027 1680 1177 1804 coil.
1223 1738 1351 1804 ΙΙΙ.
1412 1763 1475 1826 p.
1525 1741 1668 1803 671-
1718 1737 1794 1804 E.
1840 1761 2057 1822 neque
2103 1761 2211 1802 ca-

186 1835 311 1888 reat
362 1833 713 1889 venustate
770 1831 980 1908 atque,
1009 1826 1333 1890 suavitate
1370 1825 1540 1907 sua,
1595 1836 1812 1890 tamen
1853 1825 2010 1890 item
2056 1846 2219 1907 prae‘

188 1931 253 1974 se
292 1910 420 1975 fert
462 1910 864 1997 singularem
914 1912 1240 1994 quandam
1300 1911 1750 1994 severitatem,
1813 1933 1852 1973 a
1907 1909 2210 1976 iuvenilis

190 1996 407 2062 aetatis
455 1996 807 2086 ‘hilaritate
880 1997 1107 2081 utique
1186 1996 1601 2078 alieniorem,
1679 2007 1910 2082 utpote
1988 1997 2212 2061 nescio

194 2080 340 2164 quid
395 2081 745 2147 habentem
804 2081 1249 2148 insolentioris
1303 2084 1683 2170 gravitatiS,
1743 2103 2043 2166 quaeque
2101 2103 2212 2146 su-

198 2166 377 2232 binde
432 2169 681 2234 len·tius
748 2167 1002 2233 incedit
1074 2167 1470 2255 'prolixioris'
1524 2169 1876 2248 sermonis,
1955 2167 2212 2250 qualem

198 2273 373 2318 senes
418 2264 662 2337 amant,
709 2254 1093 2340 ambagibus
1125 2253 1476 2319 retardata.
1564 2255 1890 2319 Nimirum
1936 2252 2211 2337 insignis

204 2347 296 2403 est
346 2341 545 2406 omnis
609 2341 821 2406 oratio
880 2359 1037 2407 sane
1093 2341 1173 2406 iis
1232 2341 1623 2423 virtutibus,
1683 2361 1848 2423 quae
1907 2338 2066 2402 artis
2109 2359 2212 2401 ra-

208 2422 373 2487 tione
440 2427 675 2493 talibus
748 2427 1157 2493 sermonibus
1224 2427 1485 2513 possint
1558 2423 1910 2491 conciliari.
2014 2421 2212 2505 Quod

208 2510 309 2592 qui
354 2512 813 2598 reprehendere
856 2514 1342 2593 sustinuerunt,
1392 2512 1438 2576 ii
1481 2510 1863 2595 neutiquam
1910 2508 2216 2575 videntur

200 2596 349 2661 satis
408 2600 857 2685 reputavisse,
922 2598 1081 2684 quid
1146 2608 1375 2664 auctor
1418 2620 1497 2662 ea
1540 2598 1607 2661 in
1652 2619 1721 2663 re
1761 2604 2082 2681 sequutus
2129 2596 2214 2660 sit

197 2690 259 2746 et
298 2700 539 2768 quanta
582 2708 731 2751 curn
787 2694 925 2749 arte
985 2706 1127 2749 eam
1194 2685 1586 2750 tractaverit.
1693 2683 2044 2748 Enimvero
2105 2681 2212 2747 ille

198 2766 375 2835 finxit
414 2794 778 2838 sermonem
822 2792 955 2835 non
1000 2770 1195 2836 modo
1242 2794 1385 2835 eum
1412 2819 1432 2851 ,
1493 2770 1606 2854 qui
1667 2792 1891 2835 senum
1937 2769 2212 2855 ingeniis

196 2862 257 2917 et
306 2858 596 2921 moribus
642 2856 977 2921 videretur
1021 2857 1713 2935 convenientissimus,
1773 2856 2018 2942 quippe
2064 2855 2209 2939 qui·

197 2940 307 3005 bus
364 2942 634 3007 deesset
692 2950 878 3034 grata
924 2942 1033 3006 illa
1095 2954 1291 3027 atque
1337 2943 1558 3008 suavis
1603 2942 1994 3008 robustioris
2038 2950 2212 3004 aeta·-

192 3026 271 3091 tis
311 3028 595 3094 facilitas
639 3030 845 3107 (Libr.
894 3027 987 3093 ῙῙ.
1020 3052 1099 3115 .P·
1144 3031 1290 3094 637.
1337 3028 1422 3093 D.
1465 3026 1684 3105 ἐπειδὴ
1735 3026 1808 3093 τό
1859 3025 2004 3107 παρ’
2055 3024 2214 3105 ἡμῖν

193 3112 485 3200 ἐλαφρὸν
546 3118 820 3180 ἐκλείπει
878 3114 1067 3198 vam
1145 3136 1367 3179 verum
1431 3114 1626 3179 etiam
1667 3112 1794 3177 hoc
1837 3120 1942 3175 est
1984 3131 2214 3175 conse-

193 3210 433 3347 quutus
453 3248 472 3284 ,
540 3200 716 3286 quod
760 3200 1048 3265 universi
1092 3200 1345 3266 consilii
1391 3200 1492 3265 sui
1536 3198 1900 3263 rationibus
1947 3216 2212 3281 respon-

236 3285 382 3351 ebat
448 3286 550 3351 vel
617 3288 911 3369 maxime,
960 3296 1036 3351 ut
1078 3288 1293 3351 omnia
1327 3292 1563 3371 posset
1603 3306 1682 3348 ex
1731 3284 1930 3347 li'care
1970 3281 2216 3367 simpli-

194 3370 327 3436 cius
385 3380 458 3437 et
518 3372 603 3441 ad
664 3394 1066 3437 communem
1130 3372 1463 3438 hominum
1541 3369 1696 3434 intel
1725 3369 2040 3456 igentiam
2108 3390 2218 3433 ac·-

194 3457 702 3540 commodatius,
762 3456 1293 3543 quandoquidem
1337 3456 1562 3523 senilis
1623 3456 1751 3520 iste
1797 3477 2008 3520 sermo
2051 3454 2218 3519 fere-

196 3541 305 3607 bat
366 3545 563 3609 etiam
616 3544 921 3609 maiorem
982 3540 1307 3628 quandam
1366 3543 1621 3627 copiam
1678 3552 1816 3606 tum
1873 3540 2218 3606 verborum

198 3644 327 3692 tum
385 3630 892 3711 sententiarum,
962 3652 1154 3712 quam
1209 3652 1377 3715 quae
1441 3629 1600 3692 alias
1660 3626 1916 3692 admitti
1972 3636 2218 3713 posset.

198 3713 524 3795 Quocirca
587 3716 771 3779 Plato
834 3718 1007 3779 omni
1083 3738 1162 3779 ex
1220 3722 1407 3802 parte
1467 3713 1970 3801 prudentissime
2033 3712 2217 3777 insti-

200 3800 395 3865 tuisse
452 3800 752 3883 videtur,
797 3799 975 3884 quod
1022 3822 1212 3865 senes
1254 3800 1596 3886 finguntur
1639 3822 1818 3882 esse,
1879 3800 1991 3883 qui
2032 3798 2218 3862 fiami-

200 3884 385 3951 liares
425 3908 758 3952 sermones
800 3886 1165 3950 conferunt.
1208 3950 1213 3958 ,

364 3971 495 4039 Sed
558 3995 759 4058 quum
817 3970 996 4037 istud
1040 3970 1305 4056 quidem
1352 3970 1879 4054 colloquentibus
1921 3966 2220 4033 omnibus

202 4078 532 4126 commune
588 4058 710 4143 sit,
776 4068 915 4123 tum
976 4058 1169 4123 etiam
1235 4056 1513 4141 singulis
1556 4078 1678 4121 sua
1721 4066 1918 4139 atque
1960 4052 2224 4138 propria

202 4144 644 4211 attribuuntur
664 4192 685 4227 ,
750 4168 831 4210 ex
875 4144 1113 4230 quibus
1156 4164 1407 4209 morum
1453 4150 1522 4212 et
1561 4142 1969 4233 ingeniorum
2017 4140 2222 4205 varie-

202 4238 299 4293 tas
367 4230 687 4315 quaedam
732 4232 958 4298 oritur.
1044 4228 1448 4317 Depingitur
1491 4228 1662 4294 enim
1707 4226 2223 4313 uniuscuiusque
