2857 4738
850 345 977 410 DE
1026 343 1446 412 LEGIBUS
1493 355 1616 411 etc.
2131 347 2236 412 XI

214 535 323 578 cur
370 537 495 579 non
554 515 809 596 omnia,
874 531 1045 598 quae
1088 514 1578 597 edisseruntur,
1638 515 1724 580 ad
1781 517 2022 580 iustam
2085 539 2237 602 pro-

214 598 395 664 bandi
450 609 651 685 atque
722 599 1217 666 demonstrandi
1289 601 1612 665 rationem
1682 601 2004 686 perducta
2079 602 2235 666 siut.

214 683 429 768 Neque
472 686 645 750 enim
708 684 1067 770 disputatio
1124 707 1299 750 mere
1358 685 1706 752 dialectica
1766 695 1906 768 est,
1973 685 2092 752 sed
2151 686 2236 752 ad

208 771 522 838 iamiliaris
567 771 887 838 sermonis
918 769 1411 838 similitudinem
1450 780 1850 856 comparata.
1937 774 2239 858 Apparet

210 854 474 940 denique
532 857 736 922 etiam
799 855 912 940 qui
957 856 1103 939 fiat,
1154 865 1262 938 ut,
1321 857 1534 922 sicubi
1580 859 2068 942 exspectaveris
2127 879 2235 924 ac·-

208 945 581 1008 cnratiorem
678 963 899 1008 rerum
962 941 1504 1028 explicationem,
1591 953 1854 1028 praeter
1909 963 2094 1027 spem
2171 950 2238 1008 et

206 1027 566 1112 opinionem
659 1027 1021 1115 disputatio
1109 1028 1371 1093 brevior
1465 1036 1540 1091 et·
1617 1029 2023 1094 contractior
2096 1027 2233 1092 fiat.

206 1111 545 1178 Enimvero
581 1145 593 1157 ¹
628 1113 933 1180 consulto
1022 1114 1355 1179 evitantur
1423 1113 1844 1196 quaestiones
1929 1113 2234 1200 spinosae

208 1205 267 1261 et
314 1209 623 1284 argutae,
728 1199 909 1266 uales
966 1207 1331 1285 potuerunt
1382 1219 1544 1262 sane
1589 1197 1670 1262 de
1711 1199 1937 1284 legum
1981 1199 2234 1266 caussis

208 1291 265 1346 et
308 1283 638 1367 fontibus,
744 1308 780 1349 e
838 1284 1001 1350 iuris
1062 1285 1128 1348 vi
1187 1294 1255 1350 et
1312 1293 1582 1366 natura,
1645 1283 1726 1348 de
1771 1285 2090 1350 virtutum
2134 1282 2234 1349 di-

204 1369 433 1454 gnitate
496 1380 566 1434 et
626 1391 779 1436 cum
834 1393 905 1436 re
954 1370 1175 1435 ublica
1231 1368 1722 1435 necessitudine
1742 1419 1765 1453 ,
1825 1369 1972 1436 aliis
2011 1371 2232 1435 rebus

204 1454 503 1520 similibus
582 1455 751 1521 bene
808 1479 921 1522 mu
946 1457 1072 1538 tis,
1136 1455 1411 1522 institui.
1519 1453 1710 1538 Talia
1781 1456 1954 1520 enim
2023 1457 2232 1542 magis

166 1592 183 1603 .
202 1539 641 1626 significantur
693 1563 813 1626 per
866 1541 1187 1608 sermonis
1242 1541 1586 1606 familiaris
1647 1540 2233 1627 opportunitatem,

206 1647 379 1708 quam
462 1625 697 1691 dedita
782 1649 985 1713 opera
1054 1628 1532 1711 exquiruntur,
1621 1649 1838 1710 neque
1925 1627 2232 1712 scriptori

202 1710 311 1774 fuit
351 1712 806 1798 propositum,
864 1721 941 1776 ut
978 1734 1057 1776 ea
1098 1735 1277 1778 more
1322 1711 1818 1778 dialecticorum
1862 1711 2234 1777 accuratius

206 1807 711 1881 persequeretur.
834 1795 1251 1881 Quamquam
1314 1821 1452 1862 non
1525 1806 1630 1864 est
1699 1797 2230 1876 existimandum,

206 1903 275 1944 ea
320 1893 567 1949 temere
620 1882 885 1947 silentio
956 1893 1105 1948 esse
1180 1884 1606 1962 transmissa3
1667 1891 1824 1948 sunt
1889 1883 2062 1948 enim
2079 1930 2100 1965 ,
2159 1893 2234 1966 ut

206 1975 416 2052 postea
453 1967 846 2035 docebimus
864 2016 885 2051 ,
944 1969 1075 2034 alio
1130 1968 1329 2034 modo
1388 1977 1458 2033 et
1499 1967 1585 2034 ad
1632 1991 1770 2033 rem
1816 1977 2233 2052 praesentem

208 2075 241 2116 a
280 2053 514 2120 tissime
576 2053 930 2120 illustrata.
1010 2052 1171 2120 -Sed
1214 2053 1343 2118 alia
1398 2054 1598 2120 etiam
1643 2076 1878 2120 caussa
1921 2063 2058 2137 est,
2115 2075 2234 2118 cur

210 2135 255 2200 P
278 2147 375 2204 ato
414 2140 483 2204 in
530 2139 837 2226 Legibus
880 2139 1009 2206 hoc
1050 2141 1371 2205 sermonis
1414 2139 1755 2204 familiaris
1785 2160 2026 2226 genere
2072 2159 2234 2204 usus

214 2222 499 2292 videatur.
596 2225 727 2290 Est
784 2225 959 2290 enim
1008 2225 1290 2290 maxima
1349 2247 1507 2310 pars
1567 2247 1788 2290 earum
1847 2248 2088 2305 rerum,
2149 2218 2232 2286 de

216 2309 425 2392 quibus
478 2311 754 2399 agitur,
818 2333 951 2377 non
1006 2319 1143 2377 tani
1201 2311 1271 2376 in
1326 2311 1621 2391 ratione,
1683 2331 1880 2394 quam
1943 2310 2011 2373 in
2060 2307 2233 2373 vitae
2313 2337 2328 2355 ⁴

216 2416 327 2459 usu
366 2407 425 2461 et
462 2397 877 2485 experientia
918 2394 1158 2484 posita.
1178 2400 1193 2409 ’
1249 2395 1691 2478 Quamobrem
1749 2416 1832 2459 ne
1875 2405 2236 2479 potuerunt

216 2480 450 2563 quidem
490 2484 724 2549 omnia
768 2492 970 2565 atque
1014 2481 1281 2567 singula
1320 2479 1627 2547 subtilius
1671 2478 2066 2566 disceptari,
2113 2478 2233 2545 sed

212 2588 453 2653 prorsus
494 2590 778 2635 necesse
822 2568 989 2652 fuit,
1036 2576 1111 2631 ut
1153 2567 1435 2653 plurima
1479 2566 1866 2652 simpliciter
1910 2588 2233 2651 poneren-

212 2662 340 2735 tur,
394 2653 929 2721 describerentur
947 2702 968 2736 ,
1030 2663 1492 2719 enarrarentur
1509 2700 1529 2735 ,
1591 2652 1807 2717 missis
1867 2650 2234 2717 dialecticis

209 2739 707 2821 quaestionibus.
794 2738 994 2805 Certe
1038 2737 1305 2823 quidem
1350 2760 1484 2801 non
1528 2745 1890 2823 potuerunt
1919 2736 2234 2822 plurimae

190 2822 341 2891 illae
398 2825 621 2915 leges,
714 2848 839 2891 uae
883 2826 1307 2905 sanciuntur,
1366 2833 1570 2907 atque
1631 2822 1974 2887 civitatum
2019 2843 2234 2887 mores

210 2917 268 2971 et
302 2911 624 2995 instituta,
720 2933 757 2977 e
802 2910 1041 2995 quibus
1086 2910 1459 2996 exponitur,
1509 2907 1891 2978 disserendo
1923 2906 2235 2993 explicari

210 3006 313 3059 aut
350 2996 429 3060 ad
480 3018 757 3063 caussas
817 3004 885 3060 et
940 2995 1263 3082 principia
1317 3017 1440 3061 sua
1483 2994 1814 3075 revocari,
1862 2992 1980 3057 sed
2024 2992 2234 3057 satius

212 3076 419 3145 debuit
473 3082 727 3164 videri,
788 3082 915 3147 ista
974 3082 1193 3146 omnia
1250 3080 1635 3166 simpliciter
1691 3080 1757 3143 in
1808 3078 2092 3141 medium
2137 3077 2234 3139 af-

210 3164 359 3231 ferre
401 3190 477 3233 ac
524 3167 903 3254 legentibus
962 3188 1352 3252 proponere.
1441 3168 1668 3247 Atque
1712 3162 1838 3227 hoc
1882 3183 2090 3246 genus
2135 3158 2234 3223 di-

213 3269 241 3311 s
284 3252 503 3317 utandi
565 3276 647 3317 ne
716 3253 867 3337 quis
922 3252 1253 3317 existimet
1310 3272 1349 3315 a
1409 3250 1710 3313 Platonis
1773 3268 1900 3312 usu
1961 3267 2232 3333 prorsus

212 3273 581 3419 abhorrere,
661 3336 873 3403 simile
939 3335 1251 3422 quiddam
1314 3336 1511 3400 etiam
1567 3335 1636 3397 in
1681 3333 1824 3397 aliis
1870 3332 2054 3397 libris
2094 3332 2234 3396 ani-

211 3420 516 3487 madverti
560 3422 749 3506 licet,
810 3425 878 3487 in
938 3421 1176 3507 quibus
1223 3444 1355 3486 non
1402 3420 1484 3485 de
1526 3420 1720 3484 rebus
1765 3418 1834 3482 in
1880 3442 2012 3482 una
2056 3440 2235 3482 men-

208 3504 284 3573 tis
322 3508 759 3595 intelligentia
800 3518 867 3573 et
906 3508 1163 3577 ratione
1206 3506 1445 3593 positis
1492 3504 1896 3591 explicatur,
1941 3502 2060 3567 sed
2105 3513 2237 3567 tra-

208 3598 451 3659 ctantur
496 3616 597 3677 ea,
643 3616 815 3679 quae
861 3593 947 3660 ad
984 3616 1201 3659 rerum
1232 3600 1650 3657 externarum
1691 3589 2238 3670 observationem,

210 3698 383 3743 usum
432 3689 500 3744 et
544 3680 1011 3766 experientiam
1054 3679 1449 3759 referuntur,
1497 3686 1694 3759 atque
1739 3675 1974 3741 eodem
2019 3675 2238 3739 nitun-

210 3772 323 3828 tur.
412 3766 587 3829 Nam
644 3774 720 3829 ut
750 3784 753 3787 ’
784 3763 867 3830 de
974 3762 1225 3829 artibus
1286 3760 1684 3847 quibusdam
1729 3760 2009 3841 Philebi,
2064 3758 2235 3823 Poli-

210 3847 345 3929 tici,
391 3850 866 3937 Reipublicae,
967 3848 1235 3931 haedri,
1282 3848 1556 3913 aliorum
1601 3846 1954 3928 librorum,
2017 3852 2237 3907 tacea-

216 3954 371 4015 mus,
453 3935 745 4020 pertinet
817 3935 949 4000 huc
1026 3944 1209 4002 totus
1266 3934 1403 3998 fere
1451 3933 1805 4013 Timaeus,
1865 3932 1933 3994 in
1979 3952 2110 4013 quo
2157 3926 2239 3994 de

192 4038 411 4095 ,rerum
471 4034 705 4087 natura
774 4022 1145 4107 explicatur
1216 4019 1546 4093 similiter3
1625 4016 1695 4080 id
1763 4014 1938 4101 quod
1991 4015 2242 4100 ,paucis

208 4104 600 4173 ostendimus
666 4106 969 4193 Prolego.
1035 4104 1121 4172 ad
1168 4105 1337 4169 Tim.
1402 4128 1465 4189 p.
1513 4105 1615 4166 37.
1706 4101 1878 4166 Nam
1923 4100 2014 4165 ibi
2062 4099 2242 4185 quod

210 4189 577 4275 scripsimus
649 4160 991 4257 Timae1i³m
1062 4191 1252 4275 quasi
1325 4186 1820 4273 hierophantam
1897 4184 2242 4269 quemdam
