2857 4738
824 307 953 374 DE
994 307 1419 380 LEGIBUS
1469 321 1592 390 ete.
1917 312 2232 380 LXXIX

164 503 321 566 gum
351 490 843 566 augumentum.
855 479 979 560 sic,
1024 489 1101 546 ut
1140 479 1269 546 hae
1309 479 1630 564 loquendi
1664 482 1918 548 ratione
1935 485 2230 567 saepius

172 575 345 632 esset
390 565 741 632 utendum.
832 563 1005 646 Quis
1049 564 1226 630 enim
1268 575 1371 630 est
1408 565 1570 650 quin
1611 588 1644 630 s
1693 575 1848 630 onte
1891 566 2228 653 largiatur,

170 673 361 718 usum
404 671 635 716 eorum
678 651 1045 732 nominum,
1084 649 1341 732 quibus
1374 660 1492 715 aut
1535 651 1640 716 eol
1667 651 1816 737 egia
1859 652 1986 720 aut*
2017 650 2228 718 socie·

172 745 341 802 tates
403 744 523 800 aut.
580 735 865 819 imperia
908 744 1025 798 aut
1068 733 1423 820 dignitates
1469 748 1586 800 aut
1627 735 1964 802 hominum
2011 735 2232 819 aliqua

170 819 671 888 necessitudine
700 821 1211 896 coniunctorum
1240 830 1454 888 status
1486 821 1846 908 generatim
1875 820 2228 908 designan-

166 916 303 988 tur,
350 907 577 1003 legum
620 905 818 970 latori
862 928 995 968 non
1046 903 1241 970 modo
1290 906 1522 971 utilem
1565 915 1766 991 atque
1813 903 2229 974 eommodum

169 992 293 1057 sed
357 1002 558 1055 etiam
617 990 1061 1061 necessarium
1139 991 1377 1073 fuisse,
1449 1001 1526 1056 ut
1600 1014 1678 1057 eo
1751 1013 1976 1058 carere
2045 990 2229 1055 nullo

168 1075 373 1142 modo
440 1074 775 1162 potuerit?
876 1073 967 1138 Et
1025 1074 1174 1158 quis
1232 1074 1625 1141 infitiabitur
1694 1075 1974 1142 eundem
2045 1075 2226 1139 illum

170 1163 375 1228 etiam
432 1159 731 1246 reliquae
803 1157 1243 1246 disputationi
1298 1159 1496 1248 louge
1555 1184 1699 1226 esse
1741 1160 2227 1228 -accommodass

169 1247 542 1327 tissimum,
606 1243 853 1330 quippe
916 1259 1218 1329 qua‘eae
1278 1267 1383 1311 res
1443 1246 1574 1312 sint
1620 1245 2010 1326 illustratae,
2057 1268 2228 1330 quae

172 1332 431 1417 absque
489 1330 635 1407 illo,
668 1331 780 1418 vix
837 1353 916 1396 ae
972 1351 1057 1394 ne
1117 1330 1231 1394 vix
1300 1330 1567 1416 quidem
1627 1331 1999 1416 potuissent
2074 1340 2227 1416 apte

172 1415 457 1504 exprimi
534 1424 733 1499 atque
804 1411 1132 1479 describi?
1232 1413 1387 1480 Huc
1456 1439 1612 1482 vero
1679 1414 1973 1496 accedit,
2049 1415 2225 1498 quod

172 1503 373 1568 etiam
434 1501 815 1565 universum
887 1521 1117 1586 genus·
1155 1498 1417 1567 dicendi
1491 1501 1748 1588 Legum
1819 1500 2005 1565 libris
2076 1523 2226 1586 pro-

220 1588 431 1686 rium,
493 1595 569 1650 ut
620 1594 729 1652 ote
791 1583 1069 1650 subinde
1116 1587 1478 1650 oratorium
1522 1585 1820 1670 adeoque
1869 1585 2222 1672 poeticum,

170 1611 304 1740 Eoo
360 1671 557 1738 dicen
608 1671 631 1736 i
733 1692 925 1736 enere
982 1668 1166 1734 nullo
1225 1668 1423 1735 modo
1483 1670 1873 1737 destitutum
1916 1693 2062 1736 esse
2107 1694 2224 1756 po-

171 1759 328 1824 tuit.
416 1757 527 1822 Ex
585 1694 823 1840 quffms
882 1754 1186 1820 omnibus
1244 1763 1424 1822 certe
1480 1755 1727 1822 clarum
1783 1756 1908 1820 erit
1939 1779 2032 1826 ‚ae
2079 1778 2224 1842 per-

174 1844 523 1931 spicuum,
596 1863 787 1906 usum
848 1839 1182 1905 nominum
1255 1840 1738 1906 abstractorum
1811 1863 1960 1906 eum
2032 1864 2226 1928 argu·

176 1935 403 1994 mento
469 1934 538 1991 et
594 1923 869 1990 oonsilio
930 1925 1165 1990 horum
1220 1925 1538 1991 librorum
1614 1935 1748 1992 tam
1825 1934 2008 1990 arete
2081 1945 2225 1992 esse

176 2013 649 2094 coniunctum,
709 2020 783 2076 ut
842 2032 965 2074 nee
1026 2009 1169 2076 eius
1228 2010 1604 2096 frequentia
1650 2033 2042 2096 quemquam
2087 2011 2225 2075 iure

179 2091 433 2165 morari'
466 2117 661 2184 posse
706 2091 1027 2161 videatur.
1134 2163 1139 2166 ,
2018 2167 2022 2176 ,

352 2185 582 2265 Atque
640 2179 743 2245 his
803 2179 896 2244 ita
936 2178 1256 2264 expositis
1298 2178 1567 2244 tandem
1614 2175 1785 2243 hane
1825 2186 2080 2264 partem
2127 2176 2228 2241 di-·

178 2265 585 2352 sputationis
642 2265 835 2330 finire
876 2265 1121 2330 licebit.
1208 2263 1536 2330 Videmur
1582 2263 1752 2329 enim
1797 2261 1925 2324 iam
1967 2260 2230 2330 abunde

180 2348 575 2438 exposuisse
588 2386 619 2433 ,·
651 2410 658 2417 .
692 2349 853 2433 quid
924 2349 1006 2416 de
1066 2371 1210 2417 usu·
1264 2347 1684 2435 singulorum
1740 2345 2090 2412 verborum
2158 2346 2229 2411 in

176 2438 482 2525 Legibus
526 2437 837 2501 Platonis
890 2436 1165 2520 eiusque
1209 2434 1547 2519 probitate
1585 2428 2088 2501 existimandum
2133 2430 2230 2495 vi-

180 2524 442 2606 deatur,
488 2521 855 2605 eademque
900 2543 1105 2607 opera
1149 2520 1349 2587 etiam
1387 2518 1628 2589 illustri
1655 2516 1882 2601 aliquo
1929 2516 2228 2600 exemplo

180 2608 595 2690 ostendisse,
657 2616 907 2691 quanta
951 2606 1255 2673 cautione
1303 2626 1472 2690 opus
1515 2605 1626 2688 sit,
1649 2604 1730 2667 si
1783 2600 1932 2688 quis
1975 2623 2058 2667 ex
2095 2623 2230 2669 usu

178 2693 500 2779 loquendi
559 2692 645 2757 de
702 2692 1121 2775 antiquorum
1176 2690 1574 2777 scriptorum
1641 2687 1776 2755 fide
1837 2697 1920 2752 et.
1947 2686 2228 2753 auctori·

184 2790 318 2845 tate
362 2778 684 2847 iudicium
728 2777 947 2843 facere
992 2775 1335 2845 sustineat.
1412 2802 1442 2813 ··

1312 3156 1343 3165 ιυ-

556 3294 565 3300 ’
643 3318 829 3437 Cap.
856 3330 861 3337 “
887 3258 1150 3412 xvln.
1272 3314 1651 3434 Segment.
1728 3312 1820 3407 fl.

325 3492 779 3609 insputatur
824 3534 919 3610 §le
968 3529 1370 3589 vocabulis.
1410 3500 1830 3590 &valuimus
1862 3528 2092 3595 atque

826 3618 1181 3687 loquendi
1216 3612 1588 3688 fon-muln..
1651 3668 1658 3689 ἑ

365 3789 721 3891 Pergimus
790 3770 998 3887 igitur
1054 3780 1140 3849 ad
1197 3782 1522 3861 yoeabula
1576 3780 1942 3851 coniuncta*
1990 3789 2057 3859 et
2111 3766 2230 3841 nass

188 3884 455 3945 scentes
498 3874 655 3949 inde
688 3872 1047 3951 dictione&
1082 3869 1151 3941 in
1182 3867 1423 3955 quibus
1469 3866 1806 3935 Zelleru
1825 3889 1875 3945 s,
1899 3866 2058 3943 item
2099 3882 2234 3925 non

188 3984 412 4049 pauca
468 3958 599 4027 sibi
658 3960 841 4027 visus.
888 3964 997 4023 est.
1034 3952 1615 4034 animadvertisse,
1663 3973 1835 4035 quae
1873 3967 2092 4037 genus
2135 3942 2234 4023 loe¹

190 4045 447 4133 quendi
505 4044 725 4121 minus
782 4038 1201 4119 Platonicum
1268 4047 1621 4125 arguerent
1681 4036 1968 4118 ideoque
2011 4029 2234 4111 docu-

189 4142 421 4201 mento
479 4138 741 4213 essent,
796 4129 1021 4221 Leges
1083 4146 1313 4210 parum
1380 4119 1818 4191 verisimiliter
1872 4116 1958 4183 ad
2013 4114 2236 4186 Plato«,-
