<?xml version="1.0" encoding="UTF-8"?>
<!DOCTYPE html PUBLIC "-//W3C//DTD XHTML 1.0 Transitional//EN"
    "http://www.w3.org/TR/xhtml1/DTD/xhtml1-transitional.dtd">
<html xmlns="http://www.w3.org/1999/xhtml" xml:lang="en" lang="en">
 <head>
  <title>
</title>
<meta http-equiv="Content-Type" content="text/html;charset=utf-8" />
  <meta name='ocr-system' content='tesseract 3.04.00' />
  <meta name='ocr-capabilities' content='ocr_page ocr_carea ocr_par ocr_line ocrx_word'/>
</head>
<body>
  <div class='ocr_page' id='page_1' title='image "./legesetepinomis00unkngoog_0107.png"; bbox 0 0 2857 4738; ppageno 0'>
   <div class='ocr_carea' id='block_1_1' title="bbox 627 260 2015 384">
    <p class='ocr_par' dir='ltr' id='par_1_1' title="bbox 627 260 2015 384">
     <span class='ocr_line' id='line_1_1' title="bbox 627 260 2015 384; baseline -0.001 -25"><span class='ocrx_word' id='word_1_1' title='bbox 627 260 761 359; x_wconf 82' lang='lat' dir='ltr'><strong>cn</strong></span> <span class='ocrx_word' id='word_1_2' title='bbox 1283 290 2015 384; x_wconf 69' lang='lat' dir='ltr'><strong>rROLEGOMENA</strong></span> 
     </span>
    </p>
   </div>
   <div class='ocr_carea' id='block_1_2' title="bbox 629 446 2667 733">
    <p class='ocr_par' dir='ltr' id='par_1_2' title="bbox 629 446 2667 733">
     <span class='ocr_line' id='line_1_2' title="bbox 629 446 2665 547; baseline -0 -18"><span class='ocrx_word' id='word_1_3' title='bbox 629 462 794 534; x_wconf 80' lang='lat' dir='ltr'><strong>vu.</strong></span> <span class='ocrx_word' id='word_1_4' title='bbox 824 462 888 547; x_wconf 71' lang='grc' dir='ltr'><strong>ρ’.</strong></span> <span class='ocrx_word' id='word_1_5' title='bbox 920 466 1068 531; x_wconf 79' lang='lat'>811.</span> <span class='ocrx_word' id='word_1_6' title='bbox 1109 458 1186 531; x_wconf 84' lang='lat' dir='ltr'><strong>C.</strong></span> <span class='ocrx_word' id='word_1_7' title='bbox 1213 459 1412 527; x_wconf 87' lang='lat' dir='ltr'>v111.</span> <span class='ocrx_word' id='word_1_8' title='bbox 1513 464 1710 529; x_wconf 77' lang='lat'>,846..</span> <span class='ocrx_word' id='word_1_9' title='bbox 1744 446 1827 526; x_wconf 75' lang='lat' dir='ltr'><strong>n</strong></span> <span class='ocrx_word' id='word_1_10' title='bbox 1850 498 1936 535; x_wconf 54' lang='grc'><strong>-,..</strong></span> <span class='ocrx_word' id='word_1_11' title='bbox 1958 462 2113 539; x_wconf 49' lang='lat' dir='ltr'><strong>847A</strong></span> <span class='ocrx_word' id='word_1_12' title='bbox 2144 460 2665 547; x_wconf 37' lang='lat' dir='ltr'><strong>A241X.‚p.,sr›4.</strong></span> 
     </span>
     <span class='ocr_line' id='line_1_3' title="bbox 629 486 2667 633; baseline 0.001 -18"><span class='ocrx_word' id='word_1_13' title='bbox 629 548 718 618; x_wconf 80' lang='lat' dir='ltr'><strong>D.</strong></span> <span class='ocrx_word' id='word_1_14' title='bbox 759 547 848 613; x_wconf 88' lang='grc' dir='ltr'><strong>Χ.</strong></span> <span class='ocrx_word' id='word_1_15' title='bbox 893 571 959 633; x_wconf 85' lang='lat' dir='ltr'><strong>p.</strong></span> <span class='ocrx_word' id='word_1_16' title='bbox 1003 548 1152 612; x_wconf 82' lang='lat'>904.</span> <span class='ocrx_word' id='word_1_17' title='bbox 1197 546 1282 612; x_wconf 83' lang='lat' dir='ltr'><strong>A.</strong></span> <span class='ocrx_word' id='word_1_18' title='bbox 1325 486 1508 615; x_wconf 55' lang='lat' dir='ltr'>de</span> <span class='ocrx_word' id='word_1_19' title='bbox 1550 545 1625 613; x_wconf 86' lang='lat' dir='ltr'><strong>G.</strong></span> <span class='ocrx_word' id='word_1_20' title='bbox 1672 572 1736 633; x_wconf 88' lang='lat' dir='ltr'><strong>p.</strong></span> <span class='ocrx_word' id='word_1_21' title='bbox 1780 549 1927 613; x_wconf 80' lang='lat'><strong>960.</strong></span> <span class='ocrx_word' id='word_1_22' title='bbox 2008 542 2269 615; x_wconf 76' lang='lat' dir='ltr'><strong>Gravis</strong></span> <span class='ocrx_word' id='word_1_23' title='bbox 2296 545 2667 623; x_wconf 52' lang='lat' dir='ltr'><strong>vennasca·</strong></span> 
     </span>
     <span class='ocr_line' id='line_1_4' title="bbox 629 630 2666 733; baseline 0 -36"><span class='ocrx_word' id='word_1_24' title='bbox 629 634 824 714; x_wconf 76' lang='lat' dir='ltr'><strong>satio,</strong></span> <span class='ocrx_word' id='word_1_25' title='bbox 856 654 936 697; x_wconf 85' lang='lat' dir='ltr'><strong>ac</strong></span> <span class='ocrx_word' id='word_1_26' title='bbox 963 641 1148 699; x_wconf 84' lang='lat' dir='ltr'><strong>tanto</strong></span> <span class='ocrx_word' id='word_1_27' title='bbox 1179 631 1639 717; x_wconf 65' lang='lat' dir='ltr'>truculentior,</span> <span class='ocrx_word' id='word_1_28' title='bbox 1688 631 1869 733; x_wconf 71' lang='lat' dir='ltr'><strong>quod</strong></span> <span class='ocrx_word' id='word_1_29' title='bbox 1896 630 2066 697; x_wconf 87' lang='lat' dir='ltr'><strong>adeo</strong></span> <span class='ocrx_word' id='word_1_30' title='bbox 2092 655 2241 699; x_wconf 87' lang='lat' dir='ltr'><strong>cum</strong></span> <span class='ocrx_word' id='word_1_31' title='bbox 2286 632 2501 705; x_wconf 80' lang='lat' dir='ltr'><strong>bonae</strong></span> <span class='ocrx_word' id='word_1_32' title='bbox 2544 633 2666 699; x_wconf 83' lang='lat' dir='ltr'><strong>exi·</strong></span> 
     </span>
    </p>
   </div>
   <div class='ocr_carea' id='block_1_3' title="bbox 521 716 2667 809">
    <p class='ocr_par' dir='ltr' id='par_1_3' title="bbox 521 716 2667 809">
     <span class='ocr_line' id='line_1_5' title="bbox 521 716 2667 809; baseline 0 -25"><span class='ocrx_word' id='word_1_33' title='bbox 521 798 526 809; x_wconf 29' lang='grc'><strong><em>1</em></strong></span> <span class='ocrx_word' id='word_1_34' title='bbox 627 717 1026 792; x_wconf 83' lang='lat' dir='ltr'><strong>stimationis</strong></span> <span class='ocrx_word' id='word_1_35' title='bbox 1054 716 1433 783; x_wconf 79' lang='lat' dir='ltr'><strong>discrimine</strong></span> <span class='ocrx_word' id='word_1_36' title='bbox 1466 728 1569 787; x_wconf 87' lang='lat' dir='ltr'><strong>est</strong></span> <span class='ocrx_word' id='word_1_37' title='bbox 1601 726 1979 785; x_wconf 81' lang='lat' dir='ltr'><strong>coniuncta.</strong></span> <span class='ocrx_word' id='word_1_38' title='bbox 2044 716 2491 785; x_wconf 66' lang='lat' dir='ltr'>Nihilominus</span> <span class='ocrx_word' id='word_1_39' title='bbox 2520 742 2667 785; x_wconf 80' lang='lat' dir='ltr'><strong>vero</strong></span> 
     </span>
    </p>
   </div>
   <div class='ocr_carea' id='block_1_4' title="bbox 623 802 2739 3364">
    <p class='ocr_par' dir='ltr' id='par_1_4' title="bbox 623 802 2739 3364">
     <span class='ocr_line' id='line_1_6' title="bbox 629 802 2665 887; baseline -0 -15"><span class='ocrx_word' id='word_1_40' title='bbox 629 803 740 875; x_wconf 78' lang='lat' dir='ltr'><strong>hic</strong></span> <span class='ocrx_word' id='word_1_41' title='bbox 783 825 1048 887; x_wconf 84' lang='lat' dir='ltr'><strong>quoque</strong></span> <span class='ocrx_word' id='word_1_42' title='bbox 1093 811 1319 870; x_wconf 87' lang='lat' dir='ltr'><strong>nostra</strong></span> <span class='ocrx_word' id='word_1_43' title='bbox 1361 804 1695 869; x_wconf 81' lang='lat' dir='ltr'><strong>sententia</strong></span> <span class='ocrx_word' id='word_1_44' title='bbox 1736 804 1921 871; x_wconf 86' lang='lat' dir='ltr'><strong>salva</strong></span> <span class='ocrx_word' id='word_1_45' title='bbox 1961 812 2099 872; x_wconf 82' lang='lat' dir='ltr'><strong>stat</strong></span> <span class='ocrx_word' id='word_1_46' title='bbox 2136 802 2439 873; x_wconf 80' lang='lat' dir='ltr'><strong>Platonis</strong></span> <span class='ocrx_word' id='word_1_47' title='bbox 2482 802 2665 886; x_wconf 82' lang='lat' dir='ltr'><strong>fides,</strong></span> 
     </span>
     <span class='ocr_line' id='line_1_7' title="bbox 629 887 2664 977; baseline 0 -24"><span class='ocrx_word' id='word_1_48' title='bbox 629 887 1166 973; x_wconf 76' lang='lat' dir='ltr'><strong>quandoquidem</strong></span> <span class='ocrx_word' id='word_1_49' title='bbox 1221 910 1346 973; x_wconf 81' lang='lat' dir='ltr'><strong>nec</strong></span> <span class='ocrx_word' id='word_1_50' title='bbox 1391 889 1786 977; x_wconf 81' lang='lat' dir='ltr'><strong>ineptiarum</strong></span> <span class='ocrx_word' id='word_1_51' title='bbox 1828 889 2079 955; x_wconf 79' lang='lat' dir='ltr'>crimen</span> <span class='ocrx_word' id='word_1_52' title='bbox 2117 912 2349 973; x_wconf 83' lang='lat' dir='ltr'><strong>verum</strong></span> <span class='ocrx_word' id='word_1_53' title='bbox 2389 888 2664 970; x_wconf 82' lang='lat' dir='ltr'><strong>videtur,</strong></span> 
     </span>
     <span class='ocr_line' id='line_1_8' title="bbox 631 972 2665 1057; baseline 0 -18"><span class='ocrx_word' id='word_1_54' title='bbox 631 997 755 1042; x_wconf 86' lang='lat' dir='ltr'><strong>nec</strong></span> <span class='ocrx_word' id='word_1_55' title='bbox 811 973 1068 1041; x_wconf 81' lang='lat' dir='ltr'><strong>servilis</strong></span> <span class='ocrx_word' id='word_1_56' title='bbox 1125 972 1511 1046; x_wconf 70' lang='lat' dir='ltr'><strong>imitationis</strong></span> <span class='ocrx_word' id='word_1_57' title='bbox 1572 974 1866 1042; x_wconf 86' lang='lat' dir='ltr'><strong>studium</strong></span> <span class='ocrx_word' id='word_1_58' title='bbox 1922 996 2197 1057; x_wconf 83' lang='lat' dir='ltr'><strong>usquam</strong></span> <span class='ocrx_word' id='word_1_59' title='bbox 2261 974 2665 1042; x_wconf 82' lang='lat' dir='ltr'><strong>animadver-</strong></span> 
     </span>
     <span class='ocr_line' id='line_1_9' title="bbox 629 1059 2667 1147; baseline 0 -22"><span class='ocrx_word' id='word_1_60' title='bbox 629 1062 812 1127; x_wconf 84' lang='lat' dir='ltr'><strong>titur.</strong></span> <span class='ocrx_word' id='word_1_61' title='bbox 917 1059 1022 1123; x_wconf 85' lang='lat' dir='ltr'><strong>De</strong></span> <span class='ocrx_word' id='word_1_62' title='bbox 1085 1080 1220 1142; x_wconf 88' lang='lat' dir='ltr'><strong>qua</strong></span> <span class='ocrx_word' id='word_1_63' title='bbox 1279 1082 1351 1125; x_wconf 87' lang='lat' dir='ltr'><strong>re</strong></span> <span class='ocrx_word' id='word_1_64' title='bbox 1408 1062 1722 1145; x_wconf 78' lang='lat' dir='ltr'><strong>quoniam</strong></span> <span class='ocrx_word' id='word_1_65' title='bbox 1776 1061 2051 1147; x_wconf 86' lang='lat' dir='ltr'><strong>longum</strong></span> <span class='ocrx_word' id='word_1_66' title='bbox 2108 1070 2213 1128; x_wconf 86' lang='lat' dir='ltr'><strong>est</strong></span> <span class='ocrx_word' id='word_1_67' title='bbox 2269 1082 2349 1132; x_wconf 76' lang='lat' dir='ltr'><strong>ac</strong></span> <span class='ocrx_word' id='word_1_68' title='bbox 2386 1060 2667 1125; x_wconf 78' lang='lat' dir='ltr'><strong>difficile</strong></span> 
     </span>
     <span class='ocr_line' id='line_1_10' title="bbox 629 1143 2667 1242; baseline 0.001 -33"><span class='ocrx_word' id='word_1_69' title='bbox 629 1144 758 1210; x_wconf 90' lang='lat' dir='ltr'><strong>hoc</strong></span> <span class='ocrx_word' id='word_1_70' title='bbox 803 1144 952 1211; x_wconf 84' lang='lat' dir='ltr'><strong>loco</strong></span> <span class='ocrx_word' id='word_1_71' title='bbox 993 1143 1330 1242; x_wconf 79' lang='lat' dir='ltr'><strong>peculiari-</strong></span> <span class='ocrx_word' id='word_1_72' title='bbox 1355 1168 1563 1229; x_wconf 76' lang='lat' dir='ltr'><strong>opera</strong></span> <span class='ocrx_word' id='word_1_73' title='bbox 1600 1166 1965 1231; x_wconf 82' lang='lat' dir='ltr'><strong>expone-re,</strong></span> <span class='ocrx_word' id='word_1_74' title='bbox 2011 1146 2081 1209; x_wconf 91' lang='lat' dir='ltr'><strong>in</strong></span> <span class='ocrx_word' id='word_1_75' title='bbox 2124 1146 2549 1213; x_wconf 78' lang='lat' dir='ltr'><strong>annotatio-ne</strong></span> <span class='ocrx_word' id='word_1_76' title='bbox 2590 1144 2667 1211; x_wconf 86' lang='lat' dir='ltr'><strong>ad</strong></span> 
     </span>
     <span class='ocr_line' id='line_1_11' title="bbox 632 1230 2667 1317; baseline 0.001 -24"><span class='ocrx_word' id='word_1_77' title='bbox 632 1230 934 1316; x_wconf 86' lang='lat' dir='ltr'><strong>singulos</strong></span> <span class='ocrx_word' id='word_1_78' title='bbox 989 1230 1138 1295; x_wconf 86' lang='lat' dir='ltr'><strong>illos</strong></span> <span class='ocrx_word' id='word_1_79' title='bbox 1198 1230 1384 1300; x_wconf 70' lang='lat' dir='ltr'><strong>locos</strong></span> <span class='ocrx_word' id='word_1_80' title='bbox 1442 1254 1581 1295; x_wconf 87' lang='lat' dir='ltr'><strong>rem</strong></span> <span class='ocrx_word' id='word_1_81' title='bbox 1642 1241 1779 1298; x_wconf 83' lang='lat' dir='ltr'><strong>tam</strong></span> <span class='ocrx_word' id='word_1_82' title='bbox 1822 1230 2023 1295; x_wconf 85' lang='lat' dir='ltr'><strong>certis</strong></span> <span class='ocrx_word' id='word_1_83' title='bbox 2056 1232 2477 1317; x_wconf 78' lang='lat' dir='ltr'><strong>argumentis</strong></span> <span class='ocrx_word' id='word_1_84' title='bbox 2520 1254 2667 1295; x_wconf 79' lang='lat' dir='ltr'><strong>con-</strong></span> 
     </span>
     <span class='ocr_line' id='line_1_12' title="bbox 630 1315 2666 1403; baseline 0.001 -22"><span class='ocrx_word' id='word_1_85' title='bbox 630 1315 1069 1397; x_wconf 81' lang='lat' dir='ltr'><strong>firmabimus,</strong></span> <span class='ocrx_word' id='word_1_86' title='bbox 1138 1324 1214 1379; x_wconf 90' lang='lat' dir='ltr'><strong>ut</strong></span> <span class='ocrx_word' id='word_1_87' title='bbox 1271 1326 1463 1381; x_wconf 85' lang='lat' dir='ltr'><strong>extra</strong></span> <span class='ocrx_word' id='word_1_88' title='bbox 1534 1339 1794 1384; x_wconf 88' lang='lat' dir='ltr'><strong>omnem</strong></span> <span class='ocrx_word' id='word_1_89' title='bbox 1850 1316 2329 1385; x_wconf 77' lang='lat' dir='ltr'><strong>dubitationem</strong></span> <span class='ocrx_word' id='word_1_90' title='bbox 2377 1326 2666 1403; x_wconf 76' lang='lat' dir='ltr'><strong>ponatur.</strong></span> 
     </span>
     <span class='ocr_line' id='line_1_13' title="bbox 631 1400 2665 1486; baseline -0.001 -17"><span class='ocrx_word' id='word_1_91' title='bbox 631 1400 860 1469; x_wconf 88' lang='lat' dir='ltr'><strong>Unum</strong></span> <span class='ocrx_word' id='word_1_92' title='bbox 921 1412 1142 1472; x_wconf 84' lang='lat' dir='ltr'><strong>tamen</strong></span> <span class='ocrx_word' id='word_1_93' title='bbox 1179 1400 1418 1476; x_wconf 56' lang='lat' dir='ltr'><strong>‚locum</strong></span> <span class='ocrx_word' id='word_1_94' title='bbox 1478 1400 1587 1469; x_wconf 88' lang='lat' dir='ltr'><strong>hic</strong></span> <span class='ocrx_word' id='word_1_95' title='bbox 1644 1402 1928 1486; x_wconf 75' lang='lat' dir='ltr'><strong>exempli</strong></span> <span class='ocrx_word' id='word_1_96' title='bbox 1990 1422 2225 1469; x_wconf 82' lang='lat' dir='ltr'><strong>caussa</strong></span> <span class='ocrx_word' id='word_1_97' title='bbox 2270 1422 2665 1470; x_wconf 78' lang='lat' dir='ltr'><strong>memorasse</strong></span> 
     </span>
     <span class='ocr_line' id='line_1_14' title="bbox 632 1486 2667 1574; baseline 0.003 -24"><span class='ocrx_word' id='word_1_98' title='bbox 632 1487 904 1555; x_wconf 84' lang='lat' dir='ltr'><strong>iuvabit.</strong></span> <span class='ocrx_word' id='word_1_99' title='bbox 992 1488 1116 1553; x_wconf 79' lang='lat' dir='ltr'><strong>Est</strong></span> <span class='ocrx_word' id='word_1_100' title='bbox 1159 1487 1218 1553; x_wconf 88' lang='lat' dir='ltr'><strong>is</strong></span> <span class='ocrx_word' id='word_1_101' title='bbox 1263 1487 1449 1556; x_wconf 84' lang='lat' dir='ltr'><strong>Libr.</strong></span> <span class='ocrx_word' id='word_1_102' title='bbox 1496 1486 1551 1553; x_wconf 92' lang='grc' dir='ltr'><strong>Ι.</strong></span> <span class='ocrx_word' id='word_1_103' title='bbox 1597 1512 1661 1573; x_wconf 84' lang='lat' dir='ltr'><strong>p.</strong></span> <span class='ocrx_word' id='word_1_104' title='bbox 1708 1489 1857 1553; x_wconf 80' lang='lat'><strong>642.</strong></span> <span class='ocrx_word' id='word_1_105' title='bbox 1905 1488 1993 1553; x_wconf 92' lang='lat' dir='ltr'><strong>D.</strong></span> <span class='ocrx_word' id='word_1_106' title='bbox 2038 1488 2119 1555; x_wconf 87' lang='grc' dir='ltr'><strong>Ε.</strong></span> <span class='ocrx_word' id='word_1_107' title='bbox 2178 1488 2290 1553; x_wconf 91' lang='lat' dir='ltr'><strong>ubi</strong></span> <span class='ocrx_word' id='word_1_108' title='bbox 2340 1488 2667 1574; x_wconf 82' lang='lat' dir='ltr'><strong>Epimeni-</strong></span> 
     </span>
     <span class='ocr_line' id='line_1_15' title="bbox 631 1570 2669 1643; baseline 0.002 -8"><span class='ocrx_word' id='word_1_109' title='bbox 631 1572 748 1639; x_wconf 88' lang='lat' dir='ltr'><strong>des</strong></span> <span class='ocrx_word' id='word_1_110' title='bbox 801 1582 1103 1637; x_wconf 78' lang='lat' dir='ltr'><strong>narratur</strong></span> <span class='ocrx_word' id='word_1_111' title='bbox 1157 1570 1386 1639; x_wconf 80' lang='lat' dir='ltr'><strong>decem</strong></span> <span class='ocrx_word' id='word_1_112' title='bbox 1444 1574 1641 1641; x_wconf 82' lang='lat' dir='ltr'><strong>annis</strong></span> <span class='ocrx_word' id='word_1_113' title='bbox 1702 1583 1855 1639; x_wconf 84' lang='lat' dir='ltr'><strong>ante</strong></span> <span class='ocrx_word' id='word_1_114' title='bbox 1918 1572 2074 1640; x_wconf 86' lang='lat' dir='ltr'><strong>belli</strong></span> <span class='ocrx_word' id='word_1_115' title='bbox 2118 1574 2378 1642; x_wconf 87' lang='lat' dir='ltr'><strong>Persici</strong></span> <span class='ocrx_word' id='word_1_116' title='bbox 2423 1575 2669 1643; x_wconf 84' lang='lat' dir='ltr'><strong>initium</strong></span> 
     </span>
     <span class='ocr_line' id='line_1_16' title="bbox 626 1656 2668 1743; baseline 0.001 -20"><span class='ocrx_word' id='word_1_117' title='bbox 626 1656 936 1723; x_wconf 80' lang='lat' dir='ltr'><strong>Athenas</strong></span> <span class='ocrx_word' id='word_1_118' title='bbox 997 1656 1280 1723; x_wconf 79' lang='lat' dir='ltr'><strong>venisse.</strong></span> <span class='ocrx_word' id='word_1_119' title='bbox 1377 1656 1579 1739; x_wconf 79' lang='lat' dir='ltr'><strong>Quod</strong></span> <span class='ocrx_word' id='word_1_120' title='bbox 1610 1680 1823 1743; x_wconf 74' lang='lat' dir='ltr'><strong>,quum</strong></span> <span class='ocrx_word' id='word_1_121' title='bbox 1868 1660 2171 1732; x_wconf 85' lang='lat' dir='ltr'><strong>omnibus</strong></span> <span class='ocrx_word' id='word_1_122' title='bbox 2217 1658 2535 1727; x_wconf 79' lang='lat' dir='ltr'><strong>historiae</strong></span> <span class='ocrx_word' id='word_1_123' title='bbox 2580 1678 2668 1725; x_wconf 79' lang='lat' dir='ltr'><strong>te-</strong></span> 
     </span>
     <span class='ocr_line' id='line_1_17' title="bbox 627 1742 2669 1827; baseline 0.001 -18"><span class='ocrx_word' id='word_1_124' title='bbox 627 1743 956 1811; x_wconf 81' lang='lat' dir='ltr'><strong>stimoniis</strong></span> <span class='ocrx_word' id='word_1_125' title='bbox 1039 1742 1268 1813; x_wconf 85' lang='lat' dir='ltr'><strong>mirum</strong></span> <span class='ocrx_word' id='word_1_126' title='bbox 1359 1752 1680 1827; x_wconf 80' lang='lat' dir='ltr'><strong>quantum</strong></span> <span class='ocrx_word' id='word_1_127' title='bbox 1772 1742 2190 1827; x_wconf 74' lang='lat' dir='ltr'><strong>adversetur,</strong></span> <span class='ocrx_word' id='word_1_128' title='bbox 2260 1745 2669 1812; x_wconf 66' lang='lat' dir='ltr'><strong>Zenertis</strong></span> 
     </span>
     <span class='ocr_line' id='line_1_18' title="bbox 629 1827 2670 1916; baseline 0 -21"><span class='ocrx_word' id='word_1_129' title='bbox 629 1828 944 1895; x_wconf 88' lang='lat' dir='ltr'><strong>continuo</strong></span> <span class='ocrx_word' id='word_1_130' title='bbox 1001 1848 1112 1893; x_wconf 85' lang='lat' dir='ltr'><strong>sus</strong></span> <span class='ocrx_word' id='word_1_131' title='bbox 1164 1827 1376 1895; x_wconf 85' lang='lat' dir='ltr'><strong>icatus</strong></span> <span class='ocrx_word' id='word_1_132' title='bbox 1440 1838 1547 1895; x_wconf 87' lang='lat' dir='ltr'><strong>est</strong></span> <span class='ocrx_word' id='word_1_133' title='bbox 1600 1829 1989 1915; x_wconf 79' lang='lat' dir='ltr'><strong>scriptorem</strong></span> <span class='ocrx_word' id='word_1_134' title='bbox 2046 1838 2321 1916; x_wconf 83' lang='lat' dir='ltr'><strong>propter</strong></span> <span class='ocrx_word' id='word_1_135' title='bbox 2396 1831 2670 1916; x_wconf 74' lang='lat' dir='ltr'><strong>ineptam</strong></span> 
     </span>
     <span class='ocr_line' id='line_1_19' title="bbox 625 1912 2668 2001; baseline 0.003 -24"><span class='ocrx_word' id='word_1_136' title='bbox 625 1913 1056 1980; x_wconf 80' lang='lat' dir='ltr'><strong>imitationem</strong></span> <span class='ocrx_word' id='word_1_137' title='bbox 1149 1914 1252 1981; x_wconf 81' lang='lat' dir='ltr'><strong>oei</strong></span> <span class='ocrx_word' id='word_1_138' title='bbox 1321 1912 1629 2000; x_wconf 82' lang='lat' dir='ltr'><strong>Sympos.</strong></span> <span class='ocrx_word' id='word_1_139' title='bbox 1708 1939 1771 1999; x_wconf 87' lang='lat' dir='ltr'><strong>p.</strong></span> <span class='ocrx_word' id='word_1_140' title='bbox 1833 1917 1977 1987; x_wconf 76' lang='grc'><strong>201.</strong></span> <span class='ocrx_word' id='word_1_141' title='bbox 2044 1916 2129 1979; x_wconf 91' lang='lat' dir='ltr'><strong>D.</strong></span> <span class='ocrx_word' id='word_1_142' title='bbox 2204 1916 2271 1979; x_wconf 86' lang='lat' dir='ltr'><strong>in</strong></span> <span class='ocrx_word' id='word_1_143' title='bbox 2344 1915 2668 2001; x_wconf 82' lang='lat' dir='ltr'><strong>ingentem</strong></span> 
     </span>
     <span class='ocr_line' id='line_1_20' title="bbox 627 1997 2669 2087; baseline 0.001 -24"><span class='ocrx_word' id='word_1_144' title='bbox 627 2000 830 2067; x_wconf 87' lang='lat' dir='ltr'><strong>istum</strong></span> <span class='ocrx_word' id='word_1_145' title='bbox 893 2020 1178 2065; x_wconf 86' lang='lat' dir='ltr'><strong>errorem</strong></span> <span class='ocrx_word' id='word_1_146' title='bbox 1233 1997 1581 2085; x_wconf 82' lang='lat' dir='ltr'><strong>delapsum</strong></span> <span class='ocrx_word' id='word_1_147' title='bbox 1632 2022 1799 2066; x_wconf 74' lang='lat' dir='ltr'><strong>esse.</strong></span> <span class='ocrx_word' id='word_1_148' title='bbox 1906 1999 2175 2087; x_wconf 81' lang='lat' dir='ltr'><strong>Quippe</strong></span> <span class='ocrx_word' id='word_1_149' title='bbox 2228 2000 2321 2071; x_wconf 82' lang='lat' dir='ltr'><strong>ibi</strong></span> <span class='ocrx_word' id='word_1_150' title='bbox 2386 2000 2669 2066; x_wconf 82' lang='lat' dir='ltr'><strong>Diotima</strong></span> 
     </span>
     <span class='ocr_line' id='line_1_21' title="bbox 627 2084 2667 2172; baseline 0 -23"><span class='ocrx_word' id='word_1_151' title='bbox 627 2094 934 2149; x_wconf 83' lang='lat' dir='ltr'><strong>narratur</strong></span> <span class='ocrx_word' id='word_1_152' title='bbox 997 2092 1252 2171; x_wconf 83' lang='lat' dir='ltr'><strong>pestem</strong></span> <span class='ocrx_word' id='word_1_153' title='bbox 1313 2085 1394 2149; x_wconf 90' lang='lat' dir='ltr'><strong>ab</strong></span> <span class='ocrx_word' id='word_1_154' title='bbox 1452 2084 1977 2153; x_wconf 72' lang='lat' dir='ltr'><strong>Atheniensibus</strong></span> <span class='ocrx_word' id='word_1_155' title='bbox 1998 2086 2335 2172; x_wconf 71' lang='lat' dir='ltr'><strong>precibus</strong></span> <span class='ocrx_word' id='word_1_156' title='bbox 2410 2088 2547 2155; x_wconf 82' lang='lat' dir='ltr'><strong>suis</strong></span> <span class='ocrx_word' id='word_1_157' title='bbox 2607 2087 2667 2149; x_wconf 86' lang='lat' dir='ltr'><strong>in</strong></span> 
     </span>
     <span class='ocr_line' id='line_1_22' title="bbox 627 2168 2667 2255; baseline 0 -21"><span class='ocrx_word' id='word_1_158' title='bbox 627 2168 1022 2236; x_wconf 86' lang='lat' dir='ltr'><strong>decennium</strong></span> <span class='ocrx_word' id='word_1_159' title='bbox 1067 2192 1557 2239; x_wconf 81' lang='lat' dir='ltr'><strong>averruncasse.</strong></span> <span class='ocrx_word' id='word_1_160' title='bbox 1662 2174 1761 2238; x_wconf 82' lang='lat' dir='ltr'><strong>At</strong></span> <span class='ocrx_word' id='word_1_161' title='bbox 1802 2171 1973 2237; x_wconf 88' lang='lat' dir='ltr'><strong>enim</strong></span> <span class='ocrx_word' id='word_1_162' title='bbox 2019 2194 2173 2243; x_wconf 84' lang='lat' dir='ltr'><strong>vero</strong></span> <span class='ocrx_word' id='word_1_163' title='bbox 2218 2172 2373 2255; x_wconf 84' lang='lat' dir='ltr'><strong>quis</strong></span> <span class='ocrx_word' id='word_1_164' title='bbox 2418 2172 2667 2237; x_wconf 85' lang='lat' dir='ltr'><strong>tandem</strong></span> 
     </span>
     <span class='ocr_line' id='line_1_23' title="bbox 629 2255 2667 2341; baseline 0 -20"><span class='ocrx_word' id='word_1_165' title='bbox 629 2256 757 2322; x_wconf 79' lang='lat' dir='ltr'><strong>sibi</strong></span> <span class='ocrx_word' id='word_1_166' title='bbox 814 2255 1214 2341; x_wconf 87' lang='lat' dir='ltr'><strong>persuadeat</strong></span> <span class='ocrx_word' id='word_1_167' title='bbox 1271 2256 1665 2341; x_wconf 83' lang='lat' dir='ltr'><strong>scriptorem</strong></span> <span class='ocrx_word' id='word_1_168' title='bbox 1747 2280 1947 2323; x_wconf 88' lang='lat' dir='ltr'><strong>mera.</strong></span> <span class='ocrx_word' id='word_1_169' title='bbox 2000 2255 2303 2323; x_wconf 86' lang='lat' dir='ltr'><strong>decennii</strong></span> <span class='ocrx_word' id='word_1_170' title='bbox 2348 2258 2667 2324; x_wconf 83' lang='lat' dir='ltr'><strong>mentione</strong></span> 
     </span>
     <span class='ocr_line' id='line_1_24' title="bbox 625 2340 2665 2428; baseline -0.001 -20"><span class='ocrx_word' id='word_1_171' title='bbox 625 2364 706 2408; x_wconf 82' lang='lat' dir='ltr'><strong>eo</strong></span> <span class='ocrx_word' id='word_1_172' title='bbox 751 2364 894 2410; x_wconf 88' lang='lat' dir='ltr'><strong>esse</strong></span> <span class='ocrx_word' id='word_1_173' title='bbox 940 2340 1322 2422; x_wconf 79' lang='lat' dir='ltr'><strong>deductum,</strong></span> <span class='ocrx_word' id='word_1_174' title='bbox 1367 2353 1447 2408; x_wconf 90' lang='lat' dir='ltr'><strong>ut</strong></span> <span class='ocrx_word' id='word_1_175' title='bbox 1488 2340 1572 2408; x_wconf 86' lang='lat' dir='ltr'><strong>de</strong></span> <span class='ocrx_word' id='word_1_176' title='bbox 1620 2341 1770 2408; x_wconf 90' lang='lat' dir='ltr'><strong>belli</strong></span> <span class='ocrx_word' id='word_1_177' title='bbox 1814 2341 2071 2408; x_wconf 76' lang='lat' dir='ltr'><strong>Persici</strong></span> <span class='ocrx_word' id='word_1_178' title='bbox 2131 2343 2477 2428; x_wconf 75' lang='lat' dir='ltr'><strong>ipsiusque</strong></span> <span class='ocrx_word' id='word_1_179' title='bbox 2521 2343 2665 2428; x_wconf 81' lang='lat' dir='ltr'><strong>Epi-</strong></span> 
     </span>
     <span class='ocr_line' id='line_1_25' title="bbox 624 2427 2739 2514; baseline -0.001 -19"><span class='ocrx_word' id='word_1_180' title='bbox 624 2429 906 2495; x_wconf 86' lang='lat' dir='ltr'><strong>menidis</strong></span> <span class='ocrx_word' id='word_1_181' title='bbox 963 2429 1373 2514; x_wconf 76' lang='lat' dir='ltr'><strong>temporibus</strong></span> <span class='ocrx_word' id='word_1_182' title='bbox 1426 2451 1535 2494; x_wconf 88' lang='lat' dir='ltr'><strong>res</strong></span> <span class='ocrx_word' id='word_1_183' title='bbox 1593 2428 1785 2514; x_wconf 86' lang='lat' dir='ltr'><strong>plane</strong></span> <span class='ocrx_word' id='word_1_184' title='bbox 1839 2427 2177 2496; x_wconf 84' lang='lat' dir='ltr'><strong>inauditas</strong></span> <span class='ocrx_word' id='word_1_185' title='bbox 2230 2428 2667 2500; x_wconf 81' lang='lat' dir='ltr'><strong>comminisce-</strong></span> <span class='ocrx_word' id='word_1_186' title='bbox 2720 2491 2739 2506; x_wconf 28' lang='grc' dir='ltr'><em>ρ</em></span> 
     </span>
     <span class='ocr_line' id='line_1_26' title="bbox 627 2513 2667 2584; baseline 0 -8"><span class='ocrx_word' id='word_1_187' title='bbox 627 2513 856 2584; x_wconf 82' lang='lat' dir='ltr'><strong>retur?</strong></span> <span class='ocrx_word' id='word_1_188' title='bbox 970 2513 1300 2580; x_wconf 86' lang='lat' dir='ltr'><strong>Nimirum</strong></span> <span class='ocrx_word' id='word_1_189' title='bbox 1377 2534 1679 2580; x_wconf 83' lang='lat' dir='ltr'><strong>caussam</strong></span> <span class='ocrx_word' id='word_1_190' title='bbox 1752 2514 2146 2581; x_wconf 72' lang='lat' dir='ltr'><strong>narrationis</strong></span> <span class='ocrx_word' id='word_1_191' title='bbox 2229 2514 2411 2580; x_wconf 81' lang='lat' dir='ltr'><strong>illius</strong></span> <span class='ocrx_word' id='word_1_192' title='bbox 2494 2514 2667 2578; x_wconf 86' lang='lat' dir='ltr'><strong>aliter</strong></span> 
     </span>
     <span class='ocr_line' id='line_1_27' title="bbox 623 2597 2665 2682; baseline -0.001 -18"><span class='ocrx_word' id='word_1_193' title='bbox 623 2621 768 2664; x_wconf 84' lang='lat' dir='ltr'><strong>esse</strong></span> <span class='ocrx_word' id='word_1_194' title='bbox 827 2597 1308 2681; x_wconf 77' lang='lat' dir='ltr'><strong>expediendam</strong></span> <span class='ocrx_word' id='word_1_195' title='bbox 1348 2597 1689 2672; x_wconf 79' lang='lat' dir='ltr'><strong>verissime</strong></span> <span class='ocrx_word' id='word_1_196' title='bbox 1732 2609 2131 2668; x_wconf 84' lang='lat' dir='ltr'><strong>censuerunt</strong></span> <span class='ocrx_word' id='word_1_197' title='bbox 2172 2599 2305 2682; x_wconf 78' lang='lat' dir='ltr'><strong>alii,</strong></span> <span class='ocrx_word' id='word_1_198' title='bbox 2353 2611 2438 2666; x_wconf 90' lang='lat' dir='ltr'><strong>ut</strong></span> <span class='ocrx_word' id='word_1_199' title='bbox 2479 2599 2665 2666; x_wconf 84' lang='lat' dir='ltr'><strong>mirae</strong></span> 
     </span>
     <span class='ocr_line' id='line_1_28' title="bbox 625 2681 2664 2770; baseline 0.002 -26"><span class='ocrx_word' id='word_1_200' title='bbox 625 2682 818 2749; x_wconf 84' lang='lat' dir='ltr'><strong>istius</strong></span> <span class='ocrx_word' id='word_1_201' title='bbox 865 2681 1248 2746; x_wconf 84' lang='lat' dir='ltr'><strong>temeritatis</strong></span> <span class='ocrx_word' id='word_1_202' title='bbox 1294 2683 1589 2766; x_wconf 84' lang='lat' dir='ltr'><strong>suspicio</strong></span> <span class='ocrx_word' id='word_1_203' title='bbox 1632 2686 1898 2752; x_wconf 87' lang='lat' dir='ltr'><strong>omnino</strong></span> <span class='ocrx_word' id='word_1_204' title='bbox 1932 2685 2165 2770; x_wconf 88' lang='lat' dir='ltr'><strong>procul</strong></span> <span class='ocrx_word' id='word_1_205' title='bbox 2213 2685 2521 2752; x_wconf 88' lang='lat' dir='ltr'><strong>habenda</strong></span> <span class='ocrx_word' id='word_1_206' title='bbox 2568 2685 2664 2750; x_wconf 81' lang='lat' dir='ltr'><strong>sit.</strong></span> 
     </span>
     <span class='ocr_line' id='line_1_29' title="bbox 626 2765 2665 2857; baseline 0.002 -25"><span class='ocrx_word' id='word_1_207' title='bbox 626 2767 720 2832; x_wconf 83' lang='lat' dir='ltr'><strong>Et</strong></span> <span class='ocrx_word' id='word_1_208' title='bbox 788 2765 951 2833; x_wconf 84' lang='lat' dir='ltr'><strong>haec</strong></span> <span class='ocrx_word' id='word_1_209' title='bbox 1029 2766 1296 2850; x_wconf 86' lang='lat' dir='ltr'><strong>quidem</strong></span> <span class='ocrx_word' id='word_1_210' title='bbox 1367 2767 1464 2832; x_wconf 65' lang='lat' dir='ltr'><strong>de·</strong></span> <span class='ocrx_word' id='word_1_211' title='bbox 1512 2769 1781 2854; x_wconf 76' lang='lat' dir='ltr'><strong>&#39;putidae</strong></span> <span class='ocrx_word' id='word_1_212' title='bbox 1840 2781 1909 2836; x_wconf 87' lang='lat' dir='ltr'><strong>et</strong></span> <span class='ocrx_word' id='word_1_213' title='bbox 1971 2772 2237 2857; x_wconf 77' lang='lat' dir='ltr'><strong>ineptae</strong></span> <span class='ocrx_word' id='word_1_214' title='bbox 2290 2769 2665 2846; x_wconf 69' lang='lat' dir='ltr'><strong>imitationis</strong></span> 
     </span>
     <span class='ocr_line' id='line_1_30' title="bbox 626 2851 2665 2941; baseline 0.001 -25"><span class='ocrx_word' id='word_1_215' title='bbox 626 2851 896 2916; x_wconf 86' lang='lat' dir='ltr'><strong>crimine</strong></span> <span class='ocrx_word' id='word_1_216' title='bbox 953 2852 1022 2918; x_wconf 88' lang='lat' dir='ltr'><strong>in</strong></span> <span class='ocrx_word' id='word_1_217' title='bbox 1061 2852 1332 2940; x_wconf 85' lang='lat' dir='ltr'><strong>Legum</strong></span> <span class='ocrx_word' id='word_1_218' title='bbox 1373 2867 1707 2921; x_wconf 82' lang='lat' dir='ltr'><strong>auctorem</strong></span> <span class='ocrx_word' id='word_1_219' title='bbox 1752 2858 2077 2922; x_wconf 86' lang='lat' dir='ltr'><strong>coniecto.</strong></span> <span class='ocrx_word' id='word_1_220' title='bbox 2168 2855 2371 2938; x_wconf 83' lang='lat' dir='ltr'><strong>Quod</strong></span> <span class='ocrx_word' id='word_1_221' title='bbox 2418 2867 2665 2941; x_wconf 81' lang='lat' dir='ltr'><strong>postea-</strong></span> 
     </span>
     <span class='ocr_line' id='line_1_31' title="bbox 625 2937 2665 3028; baseline 0.002 -28"><span class='ocrx_word' id='word_1_222' title='bbox 625 2961 822 3021; x_wconf 83' lang='lat' dir='ltr'><strong>quam</strong></span> <span class='ocrx_word' id='word_1_223' title='bbox 868 2937 1064 3021; x_wconf 85' lang='lat' dir='ltr'><strong>quale</strong></span> <span class='ocrx_word' id='word_1_224' title='bbox 1107 2939 1220 3020; x_wconf 79' lang='lat' dir='ltr'><strong>sit,</strong></span> <span class='ocrx_word' id='word_1_225' title='bbox 1267 2941 1431 3004; x_wconf 82' lang='lat' dir='ltr'><strong>satis</strong></span> <span class='ocrx_word' id='word_1_226' title='bbox 1478 2941 1809 3026; x_wconf 77' lang='lat' dir='ltr'><strong>apparuit,</strong></span> <span class='ocrx_word' id='word_1_227' title='bbox 1856 2965 1980 3028; x_wconf 80' lang='lat' dir='ltr'><strong>age</strong></span> <span class='ocrx_word' id='word_1_228' title='bbox 2014 2940 2275 3009; x_wconf 80' lang='lat' dir='ltr'><strong>tandem</strong></span> <span class='ocrx_word' id='word_1_229' title='bbox 2320 2939 2665 3024; x_wconf 82' lang='lat' dir='ltr'><strong>aliquando</strong></span> 
     </span>
     <span class='ocr_line' id='line_1_32' title="bbox 625 3018 2669 3112; baseline 0.001 -26"><span class='ocrx_word' id='word_1_230' title='bbox 625 3021 1016 3091; x_wconf 79' lang='lat' dir='ltr'><strong>accedamus</strong></span> <span class='ocrx_word' id='word_1_231' title='bbox 1061 3022 1146 3087; x_wconf 85' lang='lat' dir='ltr'><strong>ad</strong></span> <span class='ocrx_word' id='word_1_232' title='bbox 1185 3023 1656 3109; x_wconf 84' lang='lat' dir='ltr'><strong>disputationis</strong></span> <span class='ocrx_word' id='word_1_233' title='bbox 1684 3026 2191 3098; x_wconf 86' lang='lat' dir='ltr'><strong>conclusionem.</strong></span> <span class='ocrx_word' id='word_1_234' title='bbox 2280 3018 2669 3112; x_wconf 75' lang='lat' dir='ltr'><strong>Colligenda</strong></span> 
     </span>
     <span class='ocr_line' id='line_1_33' title="bbox 623 3108 2663 3197; baseline 0 -24"><span class='ocrx_word' id='word_1_235' title='bbox 623 3108 796 3176; x_wconf 89' lang='lat' dir='ltr'><strong>enim</strong></span> <span class='ocrx_word' id='word_1_236' title='bbox 835 3133 1008 3176; x_wconf 83' lang='lat' dir='ltr'><strong>nunc</strong></span> <span class='ocrx_word' id='word_1_237' title='bbox 1053 3110 1260 3176; x_wconf 84' lang='lat' dir='ltr'><strong>veluti</strong></span> <span class='ocrx_word' id='word_1_238' title='bbox 1304 3110 1569 3197; x_wconf 78' lang='lat' dir='ltr'><strong>singula</strong></span> <span class='ocrx_word' id='word_1_239' title='bbox 1602 3112 1749 3178; x_wconf 84' lang='lat' dir='ltr'><strong>eius</strong></span> <span class='ocrx_word' id='word_1_240' title='bbox 1791 3121 2041 3197; x_wconf 86' lang='lat' dir='ltr'><strong>puncta</strong></span> <span class='ocrx_word' id='word_1_241' title='bbox 2082 3128 2446 3196; x_wconf 38' lang='lat' dir='ltr'><strong>suumque</strong></span> <span class='ocrx_word' id='word_1_242' title='bbox 2492 3111 2663 3176; x_wconf 87' lang='lat' dir='ltr'><strong>deni-</strong></span> 
     </span>
     <span class='ocr_line' id='line_1_34' title="bbox 624 3193 2661 3284; baseline 0 -24"><span class='ocrx_word' id='word_1_243' title='bbox 624 3217 752 3277; x_wconf 87' lang='lat' dir='ltr'><strong>que</strong></span> <span class='ocrx_word' id='word_1_244' title='bbox 810 3193 970 3278; x_wconf 84' lang='lat' dir='ltr'><strong>quid</strong></span> <span class='ocrx_word' id='word_1_245' title='bbox 1037 3193 1120 3260; x_wconf 82' lang='lat' dir='ltr'><strong>de</strong></span> <span class='ocrx_word' id='word_1_246' title='bbox 1165 3196 1476 3263; x_wconf 82' lang='lat' dir='ltr'><strong>universo</strong></span> <span class='ocrx_word' id='word_1_247' title='bbox 1522 3195 1781 3283; x_wconf 87' lang='lat' dir='ltr'><strong>Legum</strong></span> <span class='ocrx_word' id='word_1_248' title='bbox 1826 3220 2023 3284; x_wconf 83' lang='lat' dir='ltr'><strong>opere</strong></span> <span class='ocrx_word' id='word_1_249' title='bbox 2068 3199 2345 3280; x_wconf 82' lang='lat' dir='ltr'><strong>eiusque</strong></span> <span class='ocrx_word' id='word_1_250' title='bbox 2388 3195 2661 3272; x_wconf 71' lang='lat' dir='ltr'><strong>auctori·-</strong></span> 
     </span>
     <span class='ocr_line' id='line_1_35' title="bbox 625 3275 2159 3364; baseline 0.001 -20"><span class='ocrx_word' id='word_1_251' title='bbox 625 3290 762 3344; x_wconf 82' lang='lat' dir='ltr'><strong>tate</strong></span> <span class='ocrx_word' id='word_1_252' title='bbox 810 3275 1311 3348; x_wconf 78' lang='lat' dir='ltr'><strong>existimandum</strong></span> <span class='ocrx_word' id='word_1_253' title='bbox 1361 3282 1471 3364; x_wconf 85' lang='lat' dir='ltr'><strong>sit,</strong></span> <span class='ocrx_word' id='word_1_254' title='bbox 1517 3291 1702 3347; x_wconf 85' lang='lat' dir='ltr'><strong>certo</strong></span> <span class='ocrx_word' id='word_1_255' title='bbox 1747 3281 2159 3354; x_wconf 83' lang='lat' dir='ltr'><strong>decernatur.</strong></span> 
     </span>
    </p>
   </div>
  </div>
 </body>
</html>
