2857 4738
690 312 729 377 2
1348 299 2038 372 ARGUMENTUM

689 479 873 545 ribus
936 476 1229 544 honestis
1288 497 1365 541 ac
1420 473 1904 557 laudabilibus,
1967 493 2114 538 sese
2161 471 2348 538 dedit
2389 473 2731 559 ignaviae,

618 597 623 605 ·
688 574 805 630 aut
846 561 1127 648 denique
1194 561 1397 628 vitam
1439 583 1560 648 pro
1589 561 1799 626 unico
1843 561 2018 628 bono
2061 557 2302 643 habet,
2345 580 2482 623 non
2523 581 2729 644 repu-

686 661 855 732 tans,
902 649 1181 733 maxima
1224 647 1510 714 omnium
1533 647 1852 712 bonorum
1882 645 2078 722 nobis
2117 666 2288 728 esse,
2341 665 2514 728 quae
2567 653 2730 730 post

687 737 857 802 hanc
898 735 1099 801 vitam
1141 755 1263 799 nos
1302 742 1630 798 maneant.
1733 732 1880 797 Nec
1919 753 2076 796 vero
2119 730 2230 795 ille
2274 748 2512 796 revera
2557 730 2726 795 colit

686 822 971 888 animum
1031 842 1253 901 suum,
1312 820 1424 904 qui
1484 817 1990 904 pulcritudinem
2046 816 2390 902 anteponit
2447 815 2722 894 virtuti3

685 907 851 974 haec
915 905 1089 971 enim
1132 904 1379 988 divina,
1422 904 1536 968 illa
1576 905 1905 970 terrestris
1967 913 2100 981 est3
2159 911 2276 967 aut
2303 901 2434 987 ,qui
2478 902 2724 988 opibus

596 1013 613 1036 1
686 1015 764 1057 ac
822 991 1067 1056 divitiis
1124 989 1358 1062 inhiat.
1447 989 1752 1072 Denique
1801 1013 1912 1074 qui
1961 1011 2098 1054 non
2141 987 2320 1053 omni
2365 985 2572 1052 modo
2620 1009 2720 1070 ea,

685 1099 853 1162 quae
911 1077 1133 1165 legum
1195 1083 1428 1142 auctor
1479 1076 1698 1162 turpia
1757 1086 1955 1160 atque
2014 1075 2186 1140 mala
2225 1095 2374 1140 esse
2416 1095 2721 1159 pronun·

684 1163 983 1247 tiaverit,
1027 1161 1234 1227 vitare
1276 1175 1475 1246 atque
1527 1161 1791 1248 fugere,
1851 1183 2151 1245 quaeque
2206 1159 2382 1226 idem
2427 1159 2608 1224 bona
2655 1168 2724 1223 et

684 1249 961 1317 honesta
1014 1269 1167 1313 esse.
1219 1248 1556 1330 statuerit,
1618 1269 1810 1331 quam
1855 1245 2336 1316 studiosissime
2381 1243 2603 1311 colere
2655 1254 2726 1309 et

684 1335 921 1403 sectari
962 1332 1324 1416 studuerit,
1384 1333 1442 1398 is
1499 1332 1678 1398 nullo
1722 1331 1917 1398 modo
1965 1332 2250 1397 animum
2293 1353 2487 1399 suum
2531 1339 2724 1394 recte

684 1433 917 1486 ornare
962 1418 1329 1487 censendus
1374 1427 1500 1501 est,
1551 1417 1666 1484 sed
1712 1419 1934 1509 potius
1973 1419 2316 1484 maximam
2363 1418 2424 1484 ei
2476 1415 2723 1481 afferre

681 1504 1156 1593 turpitudinem
1200 1517 1267 1570 et
1305 1505 1746 1592 ignominiam.
1832 1502 2098 1591 Quippe
2143 1505 2424 1569 maxi‘ma
2467 1505 2724 1591 impro-

682 1592 905 1657 bitatis
964 1613 1177 1690 poena
1230 1592 1464 1674 utique
1519 1590 1681 1656 haec
1724 1599 1860 1672 est,
1920 1587 2102 1673 quod
2143 1590 2258 1674 qui·
2301 1591 2361 1655 ei
2403 1612 2555 1656 sese
2598 1589 2722 1656 de-

684 1677 889 1760 dunt,
933 1675 1040 1759 ln,
1100 1676 1306 1741 vitata
1374 1676 1730 1762 proborum
1771 1673 2110 1743 hominum
2151 1676 2509 1759 societate,
2561 1675 2724 1761 quia

588 1835 594 1842 ,
682 1762 1125 1848 improborum
1184 1770 1458 1827 utuntur
1527 1761 1898 1844 consortio,
1970 1761 2098 1847 ipsi
2157 1785 2422 1848 quoque
2466 1762 2720 1860 impro-

682 1849 937 1916 bissimi
980 1845 1269 1913 evadunt
1325 1846 1608 1934 ideoque
1659 1846 1889 1914 eadem
1927 1857 2004 1912 ‘et
2041 1848 2296 1912 faciunt
2339 1858 2405 1913 et
2448 1857 2724 1932 patiun-

682 1945 823 2018 tur,
882 1955 1051 2018 quae
1108 1933 1389 2020 improbi
1449 1957 1526 1998 ac
1571 1933 1866 2016 scelesti,
1927 1955 2004 1999 eo
2056 1956 2138 1998 ue
2179 1933 2330 2020 ipso
2374 1934 2724 2019 inperni-

682 2020 847 2088 ciem
891 2028 1110 2086 ruunt.
1183 2020 1419 2104 Itaque
1461 2041 1656 2084 verus
1699 2018 1897 2083 animi
1942 2041 2023 2084 cu
2051 2029 2186 2102 tus,
2233 2019 2290 2084 si
2333 2020 2574 2107 paucis
2623 2019 2724 2084 di-

682 2102 964 2173 cendum
1025 2115 1125 2169 est
1180 2103 1360 2190 quod
1417 2127 1523 2171 res
1581 2106 1601 2168 i
1653 2127 1726 2170 sa
1785 2103 1917 2170 dici
1977 2103 2195 2188 iubet,
2263 2105 2330 2170 in
2389 2105 2522 2178 hoc
2569 2109 2724 2188 {uno

682 2191 993 2273 cernitur,
1039 2199 1116 2255 ut
1151 2213 1417 2278 semper
1457 2207 1524 2256 et
1563 2215 1608 2256 u
1657 2190 1808 2276 ique
1855 2211 2207 2274 sequamur
2229 2190 2502 2256 meliora
2551 2201 2622 2256 et
2669 2191 2726 2258 si

682 2287 850 2364 q'uae
925 2275 1085 2342 vitia
1145 2275 1401 2355 adsint,
1477 2299 1554 2342 ea
1613 2276 1942 2364 corrigere
2002 2275 2402 2341 studeamus·
2505 2275 2722 2359 Quod

728 2363 989 2432 uoniam
1057 2365 1251 2430 unius
1306 2363 1505 2430 animi
1561 2363 1842 2429 maxime
1895 2385 2134 2429 munus
2177 2372 2312 2446 est,
2374 2372 2560 2428 r‘ecte
2624 2365 2724 2429 vi-

729 2474 909 2515 emur
951 2450 1151 2515 animi
1194 2472 1415 2515 curam
1459 2449 1837 2535 cultumque
1861 2448 2169 2515 ‚secundo
2213 2448 2360 2514 loco
2404 2450 2724 2535 posuisse

682 2539 796 2621 (p.
863 2535 1006 2602 726.
1062 2536 1147 2600 A.
1195 2572 1277 2583 --
1325 2536 1470 2600 728.
1527 2535 1611 2601 Ι).
1676 2535 1806 2619 in.)
1851 2574 1936 2586 --
2036 2534 2176 2601 Iam
2231 2558 2395 2603 „vero
2463 2532 2574 2601 his
2621 2536 2718 2601 ita

681 2618 999 2706 expositis
1054 2618 1482 2687 Atheniensis
1541 2619 1963 2707 progreditur
2007 2619 2089 2685 ad
2136 2620 2242 2705 id,
2291 2619 2470 2707 quod
2517 2622 2722 2690 tertio

681 2703 828 2769 loco
892 2702 1269 2769 habendum
1309 2713 1540 2794 putat,
1587 2704 1672 2770 ad
1716 2706 2010 2794 corporis
2055 2705 2301 2772 cultum
2347 2716 2553 2791 atque
2601 2708 2718 2778 ho-

680 2811 943 2873 norem,
1012 2789 1303 2874 itemque
1370 2790 1456 2856 ad
1511 2790 1832 2857 bonorum
1889 2803 2305 2858 externorum
2364 2794 2718 2861 rationem.

681 2874 790 2941 De
837 2896 967 2959 quo
1014 2874 1278 2962 quidem
1320 2876 1468 2943 loco
1526 2877 1687 2944 haec
1732 2877 2043 2965 disputat.
2133 2877 2451 2965 Corporis
2495 2878 2718 2967 digni-

612 2994 621 3003 ·
681 2969 785 3029 tas
828 2969 1029 3047 atque
1072 2961 1306 3046 honos,
1351 2962 1589 3048 inquit,
1637 2965 1882 3030 nonin
1927 2987 2004 3030 eo
2040 2976 2143 3030 est
2186 2965 2467 3050 positus,
2517 2976 2600 3030 ut
2631 2966 2723 3031 sit

679 3048 1055 3114 formosum·
1102 3056 1215 3115 aut
1267 3051 1610 3116 robustum
1653 3059 1767 3115 aut
1793 3073 2118 3137 ,magnum
2162 3059 2278 3115 aut
2320 3050 2724 3137 pernicitate

678 3135 958 3223 insigne,
1022 3134 1217 3200 sicuti
1277 3135 1544 3222 plurimi
1600 3136 1971 3222 opinantur.
2069 3136 2279 3201 Immo
2340 3136 2409 3201 in
2455 3136 2564 3201 his
2615 3160 2722 3222 re-

679 3221 801 3286 bus
872 3218 1287 3287 mediocritas
1351 3219 1673 3308 quaedam
1726 3220 2096 3308 expetenda
2139 3230 2277 3307 est,
2333 3240 2512 3305 ¹quae
2560 3246 2723 3308 pro·
2795 3290 2797 3303 ,

677 3302 933 3370 hibebit
963 3314 1161 3390 certe,
1191 3329 1273 3371 ne
1305 3318 1420 3372 aut
1448 3306 1716 3392 superbi
1750 3316 1815 3372 et
1851 3306 2133 3372 audaces
2161 3324 2276 3373 aut
2300 3308 2500 3372 nimis·
2533 3330 2721 3373 sum-

679 3390 860 3457 missi
932 3398 998 3456 et
1066 3394 1330 3479 angusti
1392 3393 1767 3459 existamus,
1882 3394 2106 3479 Atque
2152 3390 2379 3459 eadem
2430 3416 2720 3481 prorsus

678 3476 848 3541 ratio
891 3483 993 3542 est
1035 3478 1234 3542 etiam
1276 3477 1620 3559 honorum,
1667 3492 2001 3567 opum·ac'
2033 3477 2434 3548 divitiarum.
2516 3478 2721 3563 Quae

678 3559 899 3627 omnia
938 3562 1147 3628 sicubi
1192 3564 1438 3629 iustum
1481 3563 1744 3628 modum
1788 3563 2133 3648 excedunt,
2179 3574 2246 3629 et
2288 3564 2602 3649 privatim
2653 3576 2719 3633 et

676 3644 941 3799 Eublice
996 3670 1236 3735 magna
1276 3648 1556 3715 afferunt
1595 3648 1918 3735 pericula,
1966 3648 2502 3736 quandoquidem
2551 3671 2717 3718 con·-

728 3754 838 3799 are
912 3734 1129 3799 solent
1187 3732 1446 3818 odium,
1493 3735 1917 3819 inimicitiam,
1965 3736 2387 3815 seditionem3
2434 3736 2544 3802 sin
2583 3742 2715 3805 -au-

676 3829 811 3887 tem
871 3817 1187 3884 deficiunt
1246 3842 1322 3884 ac
1348 3858 1353 3863 ·
1381 3818 1860 3903 desiderantur,
1919 3820 2303 3909 plerumque
2359 3822 2714 3891 adducunt

677 3903 1079 3973 servitutem.
1126 3902 1362 3989 Itaque
1404 3928 1528 3971 nec
1575 3905 1928 3973 liberorum
1972 3906 2185 3997 gratia
2213 3930 2488 3995 magnae
2523 3932 2711 3977 com·-

672 3989 1009 4079 parandae
1065 3984 1333 4059 divitiae
1389 3999 1579 4077 sunt,
1644 3994 1756 4079 qui
1811 3994 1868 4061 si
1910 4016 2034 4061 nec
2078 3993 2417 4060 abundent
2461 3996 2712 4083 opibus

676 4098 811 4141 nec·
856 4073 1083 4163 inopia
1124 4087 1537 4162 premantur,
1609 4100 1810 4163 quum
1878 4079 1964 4146 ab
1995 4078 2444 4147 adulatoribus
2511 4092 2715 4150 erunt

678 4160 829 4244 tuti,
870 4178 1009 4226 tum
1034 4160 1298 4227 omnino
1345 4162 1591 4250 optime
1622 4162 1820 4231 vitam
1869 4164 2130 4253 degent.
2220 4164 2431 4233 Imm-o
2475 4166 2716 4243 liberis
