2857 4738
828 329 955 440 Dlj]
1000 327 1425 397 LEGIBUS
1469 340 1592 394 etc.
2081 327 2219 393 Vll
2288 321 2294 325 ’

198 517 377 581 quum
418 498 687 562 interim
734 498 955 568 multis
991 499 1198 582 locis,
1238 499 1353 566 ubi
1398 499 1838 585 copiosiorem
1882 497 2218 567 desideres

194 603 389 648 renim
442 583 933 670 expositionem
985 595 1187 669 atque
1244 583 1820 668 disquisitionem,
1883 581 2111 650 eadem
2151 585 2222 650 in

132 723 135 727 .
194 669 513 754 angustius
543 669 681 736 ..sit-
720 678 1095 752 contracta,
1156 679 1233 736 ut
1280 693 1421 737 non
1463 692 1613 740 raro
1660 667 2073 736 desideretur
2111 691 2220 734 ex-

196 752 551 838 plicationis
612 755 989 822 constantia
1048 765 1115 821 et
1170 755 1634 838 aequabilitas·
1738 753 1874 821 Sed
1926 753 2012 820 ad
2057 755 2222 822 haec

196 838 371 904 etiam
414 839 686 904 tertium
730 839 1046 923 quiddam
1088 841 1367 906 accedit.
1455 839 1742 908 Videtur
1793 839 1964 904 enim
2009 841 2222 906 omnis

196 923 307 989 ista
362 921 729 1010 disputatio
800 924 883 992 de
938 927 1200 1013 legibus
1262 937 1331 992 et
1386 925 1656 991 civitate
1713 926 2019 990 instituta
2069 947 2221 1024 per-

195 1031 371 1093 quam
429 1010 661 1076 ieiuna
720 1033 799 1076 ac
860 1010 1334 1098 propemodum
1416 1010 1683 1076 humilis
1757 1033 1926 1094 esse,
1974 1033 2220 1098 quippe

194 1116 375 1178 quum
426 1119 565 1162 non
624 1095 821 1163 modo
878 1106 1023 1162 tota
1080 1107 1381 1162 versetur
1432 1097 1504 1178 ‚in
1562 1097 1760 1161 rebus
1805 1096 2218 1182 vulgaribuS,

197 1203 399 1246 verum
452 1180 723 1265 easdem
786 1182 935 1248 illas
1006 1184 1202 1248 etiam
1281 1181 1694 1269 populariter
1763 1191 2216 1268 persequatur.

194 1263 496 1332 Subsistit
552 1267 731 1333 enim
790 1267 928 1333 fere
990 1268 1060 1332 in
1116 1267 1507 1354 explicanda
1563 1278 1631 1331 et
1700 1266 2220 1340 commendanda

192 1352 473 1438 populari
534 1352 826 1438 quadam
884 1353 1241 1440 prudentia
1284 1361 1353 1418 et
1396 1352 1746 1438 sapientia,
1789 1374 2071 1437 raroque
2117 1375 2220 1418 as-

194 1457 293 1500 sur
339 1437 386 1502 't
419 1437 658 1516 altius;
719 1461 1056 1521 nunqua-m
1098 1448 1319 1504 autern
1366 1436 1453 1502 ad
1484 1436 1663 1502 illam
1707 1435 2222 1523 philosophandi

194 1461 645 1588 sublimitatem
701 1525 1056 1607 attollitur,
1120 1547 1313 1608 quam
1374 1525 1444 1588 in
1469 1523 1798 1606 Platone,
1858 1523 2070 1588 sicubi
2112 1546 2219 1588 res

193 1607 457 1675 illustrat
514 1617 757 1674 natura
812 1632 933 1676 sua
988 1619 1122 1677 tam
1179 1631 1415 1695 graves
1436 1657 1459 1691 ,
1503 1631 1698 1694 quam
1746 1618 1898 1673 sunt
1939 1631 2107 1692 quae
2151 1609 2218 1672 in

192 1691 464 1842 ngibus
494 1697 937 1782 attinguntur,
984 1717 1117 1761 non
1148 1697 1287 1760 sine
1317 1695 1600 1760 maxima
1644 1694 1842 1759 animi
1883 1693 2220 1780 voluptate

193 1801 225 1842 a
266 1803 584 1848 miramur.
866 1810 871 1816 ·
982 1801 987 1808 '

346 1949 529 2016 Haec
574 1949 785 2037 igitur
828 1951 965 2014 fere
1017 1963 1173 2016 sunt
1215 1951 1363 2034 illa,
1412 1975 1581 2038 quae
1629 1951 1823 2018 nobis
1869 1973 2216 2037 argumen-

190 2035 481 2100 tationem
526 2059 611 2102 ac
654 2035 1027 2101 disserendi
1066 2037 1387 2112 rationem
1445 2040 1512 2102 in
1560 2038 1815 2125 Legum
1859 2059 2060 2122 opere
2107 2059 2217 2102 ex-

194 2129 492 2208 promtam
542 2120 1116 2188 considerantibus
1160 2145 1436 2208 eamque
1481 2147 1629 2189 eum
1675 2134 1818 2188 arte
1861 2145 1940 2186 ac
1985 2122 2215 2188 soller—

192 2204 277 2269 tia
319 2206 685 2274 disserendi
731 2204 909 2294 apud
956 2207 1297 2275 Platonem
1345 2208 1504 2274 alibi
1542 2209 1788 2274 usitata
1833 2229 2217 2292 comparan-

194 2288 354 2357 tibus
394 2293 560 2358 mira
602 2315 761 2360 sane
806 2293 1134 2379 planeque
1178 2293 1528 2358 insolentia
1557 2292 1766 2358 videri
1812 2293 1916 2356 vel
1957 2291 2220 2376 possint

198 2376 293 2439 vel
355 2377 653 2445 debeant.
760 2377 1187 2467 Quapropter
1242 2398 1366 2443 nec
1425 2376 1776 2443 defuerunt
1796 2398 1832 2459 ,⁸
1883 2376 1996 2460 qui
2029 2375 2218 2443 ¹haec

196 2459 329 2547 ipsa
376 2464 737 2531 deliberato
795 2466 1075 2545 consilio
1132 2463 1372 2529 acriter
1422 2463 1870 2550 exagitarent,
1931 2460 2218 2547 indeque

194 2564 559 2631 argumenta
612 2558 1021 2634 repeterent,
1089 2550 1328 2633 quibus
1389 2549 1682 2615 universi
1727 2546 1947 2635 operis
1991 2556 2218 2614 aucto-

193 2631 335 2699 ritas
386 2638 451 2701 in
512 2636 749 2701 malam
816 2634 1014 2701 fidem
1078 2634 1581 2721 perduceretur3
1662 2632 1733 2699 id
1807 2631 1994 2718 quod
2064 2643 2219 2718 post

196 2718 501 2787 Aetium
568 2720 885 2807 imprimis
948 2721 1104 2785 fecit
1171 2718 1570 2785 Zellerus
1643 2717 1836 2785 Stud.
1910 2718 2216 2794 Platonn.

194 2826 249 2887 p.
302 2807 395 2871 23.
460 2830 609 2893 sqq.
706 2808 848 2871 Nec
892 2828 1057 2871 vero·
1093 2827 1218 2872 nos
1264 2806 1532 2890 quidem
1577 2804 1938 2869 diffitemur
1981 2804 2218 2875 abbor-

192 2910 318 2954 rere
360 2892 530 2959 hanc
574 2890 1152 2957 rationem-videri
1196 2892 1279 2955 ab
1326 2891 1601 2957 aliorum
1647 2912 2020 2955 sermonum
2064 2888 2215 2953 Pla-

194 2975 547 3043 tonicorum
606 2999 732 3042 usu
790 2994 861 3041 et
918 2976 1395 3042 consuetudine
1455 2977 1844 3061 plurimum,
1914 2973 2218 3058 adeoque

192 3058 346 3127 ultro
403 3074 609 3148 atque
672 3071 911 3146 sponte
970 3062 1316 3149 largimur,
1398 3084 1542 3127 esse
1609 3062 1736 3125 hoe
1816 3062 1883 3124 in
1952 3082 2214 3145 genere,

194 3166 344 3227 quae
404 3172 529 3234 pro
587 3147 848 3213 vitiosis
912 3146 1217 3211 ducenda
1276 3148 1427 3213 sint.
1545 3146 1990 3211 Nihilominus
2060 3166 2217 3211 vero

193 3228 371 3297 iidem
422 3235 491 3298 in
538 3256 619 3297 ea
658 3254 885 3298 sumus
926 3234 1277 3315 sententia,
1321 3242 1419 3315 ut,
1465 3232 1524 3297 si
1569 3253 1736 3315 quae
1777 3229 2020 3295 vitiosa
2061 3229 2218 3311 sint,

192 3336 261 3379 ea
313 3319 761 3384 existimemus
818 3340 897 3383 ex
954 3317 1173 3404 operis
1251 3317 1510 3399 indole,
1576 3314 1888 3397 consiliO,
1950 3313 2218 3401 origini-

192 3400 303 3467 bus
342 3417 545 3488 atque
590 3404 745 3469 fatis
770 3426 983 3488 ,posse
1027 3403 1133 3467 vel
1177 3402 1499 3468 declarari
1531 3401 1635 3466 vel
1665 3400 2000 3479 excusari3
2050 3422 2218 3484 quae

192 3496 392 3553 autem
436 3498 782 3575 praeterea
824 3498 1138 3571 tanquam
1194 3487 1556 3575 singularia
1597 3484 1892 3552 notanda
1931 3489 2218 3567 veniant,

190 3592 261 3635 ea
329 3584 583 3641 tantum
658 3576 879 3656 abest,
951 3584 1029 3642 ut
1100 3596 1139 3638 a
1181 3573 1480 3638 Platonis
1524 3572 1776 3637 ratione
1818 3572 2033 3636 aliena
2075 3592 2220 3637 esse

190 3654 535 3743 ducamus,
596 3670 673 3725 ut
714 3661 953 3746 partim
997 3658 1165 3723 adeo
1208 3681 1329 3745 pro
1375 3658 1656 3745 insignis
1697 3655 2038 3723 cuiusdam
2087 3656 2220 3721 sol-

192 3740 399 3811 lertiae
460 3746 865 3831 argumentis
908 3744 1215 3811 habenda
1257 3742 1638 3824 videantur,
1685 3752 1920 3828 utpote
1964 3742 2221 3829 sapien-

188 3827 423 3895 tissime
482 3839 919 3930 attemperata
959 3829 1165 3895 totius
1210 3830 1446 3917 scripti
1501 3827 1792 3894 consiliis
1838 3838 2036 3913 atque
2078 3826 2222 3891 uni·-

190 3935 405 3981 versae
476 3916 859 4003 scriptionis
931 3916 1321 3981 rationibus.
1411 3913 1615 3996 Quod
1660 3912 1924 3999 quidem
1970 3933 2088 3975 cur
2129 3910 2225 3975 ita

192 4007 549 4073 statuamus
572 4050 592 4083 ‚
656 4000 897 4067 dehinc
953 4024 1033 4067 eo
1074 4000 1274 4067 modo
1334 4000 1574 4065 docere
1635 3999 1918 4063 animum
1961 3995 2221 4061 induxi-

192 4104 359 4167 mus,
406 4096 481 4152 ut
538 4086 621 4151 iis
642 4134 661 4167 ,
730 4106 900 4169 quae
962 4085 1041 4151 de
1088 4084 1672 4173 argumentationis
1719 4084 1898 4149 vitiis
1945 4080 2224 4148 dicenda

194 4181 391 4253 erunt,
450 4174 517 4239 in
578 4170 1011 4257 pqsteriorem
1055 4172 1272 4239 locum
1331 4170 1629 4251 reiectis,
1689 4177 1838 4233 ante
1899 4167 2116 4233 omnia
2157 4168 2224 4231 iii
