2857 4738
603 317 672 382 X
937 337 945 342 ·
1257 315 1991 383 PROLEGOMENA

605 487 820 552 Plato.
842 488 911 551 in
956 487 1060 554 his
1101 487 1288 554 libris
1333 486 1659 574 prodidit3
1718 485 2057 573 popularis
2112 486 2269 550 item
2316 485 2457 550 eius
2511 494 2649 552 tra-

603 571 860 636 dendae
923 573 1032 637 via
1057 625 1064 632 .
1089 583 1156 638 et
1215 573 1382 638 ratio
1442 581 1509 637 et
1566 570 1670 637 adr
1716 593 2125 639 communem
2167 571 2503 646 hominum
2546 571 2655 635 -in-

603 658 1037 744 telligentiam
1081 657 1611 737 accommodata.
1717 659 1967 722 Verum
2024 666 2279 720 tantum
2340 657 2529 720 abest
2570 666 2654 720 ut

608 743 869 808 Platoni
927 743 1086 808 vitio
1143 743 1535 810 vertendum
1578 745 1699 826 sit,
1749 742 1929 827 quod
1974 765 2117 807 eam
2158 743 2229 806 in
2275 741 2401 806 hoc
2446 757 2653 825 opere

606 827 946 910 adhibuit,
1004 838 1080 893 ut
1132 827 1202 892 id
1261 829 1747 916 sapientissime
1810 829 2137 912 planeque
2176 827 2655 892 convenienter

605 916 667 979 ei
711 913 990 1064 col-usilio
1015 963 1036 998 ,
1095 913 1274 998 quod
1339 917 1533 980 unice
1578 925 1901 999 sequutus
1945 925 2080 996 est,
2135 913 2370 978 fecisse
2416 913 2653 982 existi·-

605 1022 754 1064 man
805 1021 882 1064 us
923 999 1026 1066 sit.

1081 1568 1266 1683 Gap.
1326 1567 1487 1658 XV.
1610 1565 1987 1685 Segment.
2054 1569 2177 1660 ΙΙΙ.

907 1769 1031 1828 ne.
1052 1772 1409 1842 neglecta
1446 1769 1867 1826 subtilitate
1904 1770 2339 1829 «linconen.

784 1929 1008 2009 Atque
1065 1919 1368 1992 similiter
1423 1926 1620 1990 etiam
1682 1924 1763 1990 de
1810 1925 2017 1990 altero
2060 1924 2177 1989 illo
2222 1922 2656 1995 iudicandum

609 2022 747 2091 est,
787 2010 987 2094 -.quod
1051 2021 1248 2076 antea
1301 2011 1371 2076 in
1416 2011 1603 2077 vitiis·
1650 2011 1887 2086 *horum
1932 2032 2304 2075 sermonum
2346 2028 2654 2074 numera-

609 2103 747 2158 tum
807 2117 953 2161 esse
1011 2095 1312 2162 diximus.
1417 2095 1619 2178 Quod
1680 2096 1854 2162 enim
1912 2096 2134 2162 multis
2176 2095 2340 2160 locis
2386 2092 2654 2158 deside-

609 2190 792 2244 ratur
832 2182 1166 2266 subtilitas
1209 2181 1590 2265 dialectica,
1652 2205 1785 2266 qua
1842 2203 1947 2246 res
1991 2181 2063 2245 in
2102 2179 2653 2266 disceptationem

609 2275 883 2331 vocatae
925 2267 1234 2333 subtilius
1277 2269 1715 2351 exquiruntur
1770 2275 1837 2332 et
1878 2267 1973 2332 ita
2010 2267 2079 2330 in
2126 2266 2335 2332 varias
2379 2285 2653 2329 versan-

607 2364 718 2417 tur
759 2363 1024 2439 parteS,
1085 2366 1160 2420 ut
1219 2355 1517 2442 ipsorum
1576 2354 1935 2441 legentium
1992 2352 2262 2439 ingenia
2320 2351 2652 2435 animique

607 2437 881 2503 mirifice
939 2449 1360 2521 moveantur,
1423 2447 1853 2505 exerceantur
1916 2448 1985 2503 et
2038 2439 2125 2503 ad
2184 2460 2408 2503 verum
2460 2460 2654 2521 repe-

609 2522 910 2587 riendum
939 2525 1308 2589 excitentur
1335 2534 1539 2607 atque
1583 2534 1935 2600 acuantur3
1966 2523 2059 2605 id,
2104 2524 2215 2589 ubi
2250 2544 2520 2590 caussas
2557 2525 2653 2587 rei

608 2607 1110 2695 investigaveris
1129 2657 1151 2691 ,
1216 2618 1396 2675 certe
1434 2632 1475 2672 a
1518 2609 1775 2695 Legum
1819 2609 2187 2675 rationibus
2232 2629 2652 2693 nequaquam

609 2691 890 2757 alienum
935 2716 1082 2759 esse
1127 2694 1299 2769 ultro
1346 2693 1683 2759 fatendum
1728 2694 1904 2764 erit..
1962 2693 2136 2759 Nam
2180 2695 2477 2779 primum·
2506 2694 2653 2777 qui·

611 2775 760 2843 dem
807 2800 1048 2862 serm0,
1095 2780 1214 2863 qui
1241 2780 1634 2862 instituitur,
1681 2780 1953 2846 similior
1972 2790 2086 2846 —est
2108 2780 2411 2845 familiari
2455 2780 2652 2843 alicui

609 2862 941 2948 colloquio
1000 2874 1192 2949 quam
1266 2866 1493 2930 subtili
1562 2865 2036 2953 disputationi,
2114 2863 2650 2949 quandoquidem

611 2945 864 3030 Clinias
923 2960 990 3015 et
1058 2950 1410 3037 Megillus‚
1489 2952 1602 3035 qui
1678 2974 1827 3017 cum
1901 2952 2165 3036 hospite
2256 2949 2651 3030 Atheniensi

610 3034 1115 3119 colloquuntur,
1181 3037 1376 3101 sicuti
1437 3037 1611 3101 infra
1656 3037 2125 3118 declarabitur,
2171 3037 2237 3113 in
2282 3035 2653 3100 dialecticis

608 3119 951 3207 finguntur
995 3122 1210 3187 minus
1241 3123 1599 3187 exercitati.
1706 3123 2031 3187 Nimirum
2094 3122 2416 3207 spectavit
2456 3120 2653 3186 Plato

610 3226 688 3269 ea
751 3230 822 3271 re
881 3207 1045 3273 illud
1089 3208 1340 3293 ipsum,
1390 3207 1571 3291 quod
1618 3230 1962 3293 perperam
2006 3206 2529 3293 reprehenditur,
2578 3224 2655 3270 ut

611 3291 832 3357 omnia
887 3316 1018 3357 non
1074 3302 1210 3357 tam
1270 3293 1580 3359 subtilius
1644 3292 2019 3381 disputata,
2092 3312 2288 3376 quam
2346 3292 2651 3357 familiari

609 3398 908 3443 sermone
937 3379 1240 3463 exposita
1271 3388 1338 3443 et
1368 3380 1681 3463 tanquam
1712 3390 1975 3443 narrata
2009 3378 2409 3461 viderentur,
2428 3379 2651 3462 prouti

598 3462 900 3539 *universi
973 3465 1192 3563 operis
1261 3464 1503 3528 rationi
1574 3464 1703 3528 fuit
1772 3473 2323 3545 consentaneum5
2388 3464 2456 3526 in
2516 3486 2653 3546 quo

612 3544 914 3612 doctrina
987 3550 1197 3615 civilis
1253 3548 1338 3613 ad
1408 3560 1817 3615 communem
1887 3550 2223 3615 hominum
2280 3548 2655 3635 intelligen-

613 3632 774 3696 tiam
855 3634 1346 3699 accommodate
1398 3630 1808 3721 explicatur.
1926 3633 2128 3715 Quod
2174 3634 2262 3699 si
2330 3644 2653 3716 tenemus,

613 3718 808 3781 etiam
869 3720 1182 3785 continuo
1245 3719 1451 3783 intelli
1504 3731 1682 3801 etur,
1752 3719 1913 3783 nibil
1958 3720 2199 3785 habere
2246 3719 2652 3801 offensionis·‚

614 3826 784 3889 quae
807 3804 1101 3887 alioquin
1143 3805 1336 3891 plane
1368 3806 1428 3869 vi
1480 3814 1714 3871 eantur
1755 3804 2105 3877 insolentia
2148 3814 2213 3871 et
2256 3806 2324 3869 in
2353 3805 2654 3890 Platone,

613 3891 872 3971 qualem
916 3889 1180 3955 aliunde
1209 3890 1547 3978 cognitum
1580 3891 1916 3973 habemus,
1962 3915 2167 3977 prope
2195 3891 2657 3959 intolerabilia.

618 3976 814 4041 Patet
871 3975 1042 4040 enim
1097 3974 1286 4057 inde,
1349 3998 1469 4040 cur
1510 3998 1723 4041 sermo
1769 3976 1877 4041 hic
1922 3987 1990 4041 et
2031 3979 2163 4041 illic
2208 3978 2301 4041 sir,
2339 3976 2659 4062 prolixior

567 4068 681 4133 ¹et
743 4062 1094 4148 copiosior.
1211 4059 1479 4147 Quippe
1544 4061 1615 4125 id
1676 4063 1977 4129 familiari
2054 4063 2387 4143 colloquio
2456 4062 2655 4129 istius

611 4145 792 4211 modi
848 4169 1204 4231 sanequam
1261 4148 1388 4213 fuit
1430 4148 2141 4213 convenientissimum.
2232 4149 2429 4213 Patet·
2472 4148 2657 4233 item,

1523 4263 1528 4267 .
1639 4255 1645 4261 ·
1698 4242 1723 4271 N
