2857 4738
906 314 1167 387 LIBRI
1216 316 1527 386 SEXTI.
2161 327 2242 391 99

178 507 309 553 rum
363 487 659 553 tutelam
725 508 973 577 gerens
1048 500 1349 555 mortuus
1424 490 1548 568 sit3
1619 491 1700 557 de
1777 516 1906 577 qua
1981 494 2247 576 quidem

180 596 243 638 re
294 571 709 639 brevissima
768 584 879 640 est
938 574 1319 643 admonitio,
1422 576 1592 641 Tum
1648 596 1810 643 vero
1867 577 2024 643 inde
2079 602 2122 643 a
2179 602 2244 667 p.

184 660 317 723 766.
366 658 465 723 D.
528 658 621 724 ad
680 660 1199 746 disputationem
1254 661 1574 726 transitur
1632 660 1716 727 de
1770 662 2241 747 iudicibus,

184 744 363 811 cuius
412 747 684 809 summa
728 745 893 811 haec
936 756 1057 811 est.

348 828 651 913 Civitas,
712 830 933 915 inquit
990 831 1447 915 Atheniensis,
1495 854 1697 917 quum
1741 854 1977 899 revera
2020 835 2245 901 futura
2278 898 2282 905 .

180 911 263 981 sit
316 916 557 999 nulla,
628 916 758 982 nisi
838 916 1083 983 iudicia
1155 917 1438 1001 habeat,
1510 918 1706 1005 plane
1777 937 2048 985 necesse
2119 930 2242 1004 est,

180 999 493 1066 idonei
564 999 909 1067 iudices
998 1001 1537 1089 deligantur3
1654 1006 1722 1068 ui
1783 1004 2048 1090 quidem
2107 1030 2244 1071 ma-

178 1084 611 1172 gistratibuS,
656 1110 823 1171 quos
869 1088 1067 1174 vulgo
1110 1087 1417 1171 dicimus,
1462 1026 1652 1153 haudl
1685 1110 1844 1155 sane
1889 1090 2243 1158 dissimiles

179 1183 351 1237 sunt.
470 1171 749 1237 Debent
809 1182 1025 1238 autem
1091 1172 1205 1257 qui
1280 1172 1455 1238 inte‘r
1513 1196 1584 1239 se
1641 1175 1793 1241 lites
1849 1184 1918 1240 et
1973 1185 2243 1243 contro·

180 1256 439 1323 versias
496 1266 844 1339 exercent,
897 1259 1179 1343 primum
1238 1278 1310 1322 se
1368 1268 1756 1323 convertere
1817 1259 1902 1323 ad
1963 1261 2242 1361 vicinos²

180 1342 474 1425 amima,
524 1342 715 1424 alios,
778 1343 890 1426 qui
934 1366 1150 1408 rerum
1194 1353 1760 1410 contraversarum
1808 1344 1986 1409 haud
2029 1346 2242 1433 ignari

182 1428 349 1510 sint,
418 1437 625 1511 atque
680 1450 761 1492 ex
812 1428 997 1511 eriri,
1055 1450 1211 1493 num
1280 1440 1407 1515 'per
1464 1450 1578 1493 eos
1647 1430 1956 1515 componi
2025 1433 2248 1516 possit

180 1512 664 1579 controversia.
764 1452 967 1595 ¹(Quod
1020 1514 1075 1577 si
1121 1535 1255 1578 non
1300 1513 1693 1600 contigerit,
1755 1514 1839 1579 ad
1901 1514 2083 1580 aliud
2139 1516 2238 1581 iu·

182 1598 435 1663 dicium
500 1596 858 1680 accedant,
935 1609 1002 1663 et
1062 1599 1121 1663 si
1176 1620 1259 1663 ne
1317 1599 1399 1663 ab
1458 1598 1586 1664 hoc
1659 1598 1926 1684 quidem
1998 1604 2240 1667 iustam

182 1683 730 1749 diiudicationem
800 1685 1217 1768 acceperint,
1290 1683 1559 1749 tertium
1633 1683 1921 1769 denique
1998 1684 2245 1751 adeant⁴

180 1769 543 1851 iudicium,
604 1791 649 1832 a
707 1791 841 1852 quo
900 1768 1165 1837 tandem
1227 1768 1309 1833 lis
1368 1764 1564 1857 plane
1606 1768 1968 1848 dirimetur.
2057 1771 2238 1839 Con-

182 1855 553 1933 stituantur
605 1876 763 1918 vero
822 1863 1083 1939 praeter
1129 1854 1409 1920 arbitros
1431 1902 1449 1935 ‚
1509 1876 1676 1939 quos
1716 1855 1846 1943 ipsi
1890 1856 2236 1943 litigantes

184 1943 491 2028 capiant,
570 1938 709 2004 duo
758 1939 1043 2021 iudicia,
1117 1962 1321 2003 unum
1394 1940 1572 2024 quod
1645 1962 1914 2007 caussas
1991 1942 2236 2008 civium

184 2028 477 2112 privatas
538 2021 893 2103 diiudicet,
924 2026 1225 2091 alterum
1245 2073 1265 2107 ‚
1310 2026 1379 2089 in
1425 2048 1558 2110 quo
1605 2048 1880 2092 caussae
1907 2027 2238 2111 'publicae

186 2122 484 2199 agantur.
581 2108 851 2175 Iudices
909 2130 1069 2175 vero
1112 2111 1397 2177 maxima
1444 2112 1591 2175 c‘um
1638 2111 1963 2210 religione
2004 2134 2234 2181 creen-

188 2207 283 2262 tur
340 2199 455 2283 (p.
508 2198 655 2261 766.
703 2194 769 2259 D
818 2234 900 2243 —
946 2198 1092 2260 768.
1140 2193 1283 2279 0.).
1387 2194 1528 2261 Sed
1590 2198 1912 2280 quomam*
1963 2194 2236 2263 difficile

186 2293 275 2348 est
336 2282 609 2362 omnia,
672 2302 840 2365 quae
900 2280 1032 2347 huc
1074 2282 1486 2371 pertineant,
1534 2281 1662 2355 iam
1709 2302 1884 2345 nunc
1929 2290 2236 2349 accurate

178 2391 513 2456 exponere
532 2417 551 2451 ‚
637 2366 1021 2455 praesertim
1095 2391 1295 2452 quum
1370 2364 1667 2432 nondum
1739 2366 2026 2453 scriptae
2103 2369 2239 2434 sint

185 2454 351 2519 aliae
388 2455 617 2540 lege8‚
664 2475 835 2538 quae
880 2452 963 2517 ad
1009 2453 1341 2519 civitatem
1388 2452 1810 2535 civiliumque
1857 2475 2072 2518 rerum
2119 2452 2235 2518 ad-

184 2540 733 2606 ministrationem
790 2539 1200 2638 pertineant,
1260 2546 1328 2602 et
1385 2537 1544 2623 quia
1603 2537 1779 2620 eius,
1844 2536 1960 2622 qui
2003 2538 2235 2604 civita-

178 2636 303 2694 tem
346 2626 649 2709 aliquam
709 2622 959 2710 prunus
1018 2623 1281 2690 ornavit
1322 2621 1581 2724 legibus
1600 2671 1618 2698 ..
1664 2623 2016 2709 plurimum
2065 2624 2234 2690 inte-

171 2731 351 2778 resse
416 2711 662 2792 debet,
728 2719 806 2774 ut
862 2733 1035 2797 opus
1089 2710 1173 2774 ab
1228 2711 1375 2796 ipso
1433 2708 1812 2775 inchoatum
1877 2708 2288 2797 aliquando-x

172 2819 375 2882 quam
430 2796 695 2882 optime
756 2796 1177 2878 absolvatur,
1238 2795 1435 2861 etiam
1497 2795 1626 2859 hoc
1684 2793 2048 2860 curandum
2106 2805 2231 2880 est,

170 2891 243 2948 ut
296 2879 641 2968 quidquid
699 2881 767 2945 in
848 2883 1105 2968 Legum
1180 2879 1597 2968 expositione
1671 2880 1876 2944 fuerit
1941 2891 2234 2966 praeter-

168 2968 490 3048 missum,
554 2966 625 3031 id
688 2975 961 3052 postero
1032 2976 1329 3050 tempore
1400 2964 1747 3050 expleatur
1807 2973 2010 3047 atque
2073 2988 2234 3030 con-

170 3063 562 3120 summetur.
622 3051 724 3118 Ut
746 3052 955 3139 igitur
996 3051 1427 3138 perficiantur
1471 3069 1640 3134 quae
1695 3049 2058 3114 manserint
2101 3049 2234 3114 im·-

168 3141 500 3240 perfecta,
562 3140 1012 3223 experimento
1056 3137 1153 3202 rei
1196 3157 1319 3222 per
1372 3133 1643 3219 aliquo-d
1702 3145 1963 3217 tempus
2029 3134 2231 3216 facto,
2345 3205 2352 3210 ,

167 3249 235 3290 m
292 3247 655 3292 commune
716 3245 795 3290 ea
838 3223 921 3291 de
956 3217 1049 3288 're
1092 3220 1569 3291 consulendum
1608 3226 1732 3300 est,
1779 3217 2234 3302 utendumque

168 3311 245 3377 iis
264 3358 286 3394 ,
352 3332 535 3396 quae
596 3308 1025 3396 magistratus
1091 3331 1239 3373 cum
1284 3308 1504 3394 legum
1546 3302 1938 3370 custodibus
1986 3303 2068 3368 de
2114 3303 2232 3369 ha·

170 3419 313 3462 rum
360 3394 831 3462 emendatione
876 3392 1505 3461 communicaverint
1547 3391 1645 3477 (p.
1689 3392 1725 3452 7
1735 3389 1838 3454 68.
1885 3387 2229 3456 C.-771.

176 3483 316 3564 A).
362 3519 453 3532 -
544 3479 686 3547 Sed
742 3479 845 3544 his
902 3479 999 3543 ita
1058 3477 1383 3563 expositis
1444 3483 1906 3543 convertamus
1963 3497 2088 3540 nos
2145 3473 2232 3539 ad

176 3565 337 3632 alias
392 3566 622 3654 legeS,
682 3585 853 3646 quae
910 3563 1147 3630 deinde
1206 3561 1399 3628 nobis
1445 3557 1834 3626 scribendae
1877 3569 2051 3626 sunt.
2141 3559 2234 3626 Et

168 3651 425 3718 initium
492 3649 765 3738 quidem
824 3672 865 3714 a
908 3649 1111 3715 sacris
1154 3645 1532 3713 faciendum
1579 3661 1702 3712 est.
1791 3645 2048 3712 Divisis
2103 3645 2232 3732 igi-³

166 3748 273 3804 tur
328 3761 467 3826 ope
524 3734 785 3808 numeri
861 3735 1031 3800 5040
1087 3733 1265 3820 agris
1310 3738 1581 3817 nostrae
1625 3729 1952 3814 civitatis,
2001 3752 2230 3813 quam-

166 3845 291 3908 que
358 3833 626 3912 partem
686 3819 817 3888 deo
881 3818 1077 3884 alicui
1134 3818 1243 3883 vel
1308 3816 1584 3882 deorum
1643 3814 1782 3880 filio
1859 3813 2229 3880 consecrari

170 3909 263 3978 fas
306 3921 439 3997 est,
488 3910 719 3992 iisque
763 3927 953 3970 sacra
994 3902 1336 3988 constitui,
1385 3923 1554 3988 quae
1601 3923 1640 3964 a
1685 3900 1940 3966 civibus
1987 3898 2230 3962 obean-

168 4004 268 4061 tur
324 4008 539 4084 atque
602 3991 1035 4058 celebrentur.
1078 4010 1279 4072 quum
1342 3987 1606 4052 divinae
1667 3984 1918 4072 gratiae
1964 4005 2227 4068 compa-

170 4081 403 4150 nudae
460 4096 752 4160 caussa,
820 4085 958 4140 tum
1012 4075 1212 4139 etiam
1273 4095 1353 4138 eo
1397 4073 1568 4153 fine,
1629 4079 1704 4136 ut
1759 4069 1888 4155 ipsi
1943 4066 2116 4132 inter
2155 4088 2236 4135 se
2293 4102 2309 4135 z

170 4169 564 4236 contrahant
618 4159 975 4232 amicitiam
1038 4167 1238 4243 atque
1297 4166 1596 4224 mutuum
1655 4160 2006 4287 exerceant
2047 4167 2240 4218 com-³

1799 4257 1832 4315 7

2759 3583 2768 3589 ι

2820 3843 2830 4138 .-....-.-.-.-—.„.-l.r
2820 3755 2829 3832 ,ΛΦ-ι.
2825 3725 2829 3738 -
2829 3683 2831 3700 Η
2828 3641 2831 3654 Α,
2828 3591 2831 3606 ,,
2829 3571 2831 3574 Α
2828 3535 2831 3554 -.
2829 3465 2832 3486 ..
2827 3423 2832 3452 ..Α
2828 3391 2831 3404 -
2827 3344 2831 3376 --
2829 3323 2831 3328 .
2828 3289 2831 3306 Α.
2829 3257 2833 3268 a
2831 3191 2834 3198 ,
