2857 4738
647 344 770 409 278

539 534 597 597 E
645 524 716 587 oi
780 514 986 597 πάλη.
1061 518 1182 595 τῆς
1249 464 1579 600 copiosam
1632 517 1701 581 δὲ
1758 509 1929 592 ἄλλη
1979 516 2101 597 μὲν
2158 513 2457 593 Μούσης
2534 513 2709 595 λέξιν
2802 592 2811 599 ⁰

1385 334 1956 419 PLATONIS

645 624 1099 705 μιμουμένων,
1174 614 1250 681 τό
1307 639 1375 681 τε
1442 618 1937 698 μεγαλοπρεπὲς
2002 612 2485 702 φυλάττοντας
2556 612 2709 699 ἅμα
2766 702 2775 707 .

643 725 754 787 καὶ
811 716 951 785 stet?
963 721 1208 805 θερου·
1261 713 1435 796 ἄλλη
1493 720 1561 783 δὲ
1616 714 1883 794 εὐεξίας,
1934 712 2403 804 ἐλαφρότητός.
2450 740 2527 782 τε
2568 722 2705 784 ἔνε-

787 911 1226 977 <pazananus
1275 909 1439 976 ἅμα]
1488 912 1644 961 Voss.
1697 926 1747 961 x.
1800 926 1961 975 marg.
2019 906 2419 975 φυλαττόντων,
2470 920 2534 961 ut
2588 910 2709 965 Ste-

647 985 807 1049 phan.
847 983 1178 1033 coniiciebat.
1254 981 1358 1033 Sed
1398 999 1450 1030 v,
1489 982 1759 1045 explicatt.

783 1052 848 1101 E.
922 1050 1030 1101 καὶ
1067 1042 1390 1101 surdescis
1425 1045 1949 1113 ἀποδιδομένης]
1989 1051 2057 1098 Δ.
2103 1046 2161 1097 Ω.
2204 1048 2261 1099 Ξ.
2304 1064 2355 1097 v.
2396 1049 2435 1097 f.
2476 1062 2529 1098 a.
2570 1065 2617 1099 c.
2656 1064 2707 1097 o.

649 1136 700 1169 x.
743 1122 841 1173 καὶ
877 1119 1134 1171 ἐκτάσεως
1171 1122 1271 1169 καὶ
1309 1118 1483 1179 ἀκοὰ,
1520 1120 1665 1184 quod
1700 1134 1819 1169 cum
1842 1118 2091 1171 Bekkero
2128 1124 2483 1183 susceperunt
2523 1132 2706 1169 recen-

651 1259 858 1323 vulgari
913 1258 1120 1307 ratione
1177 1258 1386 1307 videtur
1431 1258 1619 1306 nonni-

649 1326 727 1377 hi}
783 1329 1078 1378 discedere.
1149 1328 1360 1379 Etenim
1398 1324 1495 1390 τὴν
1530 1324 1618 1389 ὅρ-

647 1398 906 1463 'mmmm
964 1413 1010 1452 e.
1070 1397 1430 1457 saltationem,
1486 1410 1619 1459 quae

647 1466 831 1515 iuncta
879 1473 995 1515 erat
1045 1481 1164 1515 cum
1215 1472 1328 1515 arte
1392 1466 1619 1524 scenica,

647 1535 814 1585 refert
867 1536 936 1585 ad
991 1536 1402 1599 gymnasticam,
1457 1548 1619 1597 quum

647 1612 824 1654 tamen
863 1605 1162 1664 saltatores,
1200 1605 1362 1664 mimi,
1404 1603 1621 1651 histrio·-

650 1683 744 1720 nes
793 1673 1054 1735 denique,
1091 1674 1334 1721 dicantur
1361 1672 1472 1721 fere
1512 1686 1621 1721 non

649 1741 720 1793 sd
754 1742 1018 1803 gymnica,
1053 1741 1147 1790 sed
1183 1742 1252 1791 ad
1289 1743 1495 1791 musica
1532 1740 1623 1789 de·

650 1810 925 1859 scendisse
985 1811 1290 1859 certamina.
1350 1825 1399 1857 v.
1464 1809 1622 1857 etiam

649 1878 820 1941 Legg.
876 1876 953 1925 11.
1016 1877 1136 1931 658.
1227 1881 1303 1930 At
1373 1879 1623 1927 nimitum

651 1961 840 1998 caussa
876 1946 1032 1997 huius
1079 1947 1266 1995 iudicii
1313 1948 1623 2011 neutiquam

655 2023 738 2067 est
785 2016 1029 2065 obscura.
1101 2016 1286 2067 Facile
1329 2018 1469 2067 enim
1504 2031 1622 2080 per·

651 2086 828 2149 spexit
862 2084 1238 2149 philosophus,
1285 2086 1623 2136 saltationem

651 2155 944 2216 mimicam,
1013 2156 1220 2207 etiamsi
1287 2156 1358 2205 ad
1419 2155 1623 2205 musica

652 2225 943 2276 certamina
1033 2225 1352 2287 pertineret,
1425 2232 1622 2285 tamen,

654 2300 916 2357 quatenus
953 2295 1194 2357 corporis
1230 2294 1460 2343 motibus
1484 2295 1622 2342 nite-

649 2371 822 2424 retur,
866 2364 992 2414 item
1045 2362 1230 2414 referri
1285 2364 1354 2414 ad
1404 2379 1622 2427 gymna-

650 2433 838 2482 sticam
891 2448 1064 2496 posse.
1153 2433 1320 2484 Cuius
1371 2433 1622 2496 quoniam

651 2503 758 2552 duo
819 2516 1018 2564 genera
1072 2502 1344 2563 distinxit,
1399 2503 1623 2552 alterum

652 2570 796 2632 quod
831 2571 901 2620 ad
939 2586 1100 2620 unum
1124 2573 1364 2634 corporis
1385 2572 1548 2620 robur
1574 2577 1625 2620 et

650 2639 948 2700 agilitatem
975 2639 1190 2700 valeret,
1226 2641 1452 2688 alterum
1478 2639 1624 2703 quod

648 2707 963 2768 generosius
1017 2707 1268 2768 quiddam
1323 2715 1376 2756 et
1420 2709 1624 2772 magni-

651 2773 896 2822 ficentius
917 2781 1208 2836 spectaret²
1225 2777 1346 2826 fieri
1381 2776 1623 2840 profecto

655 2855 763 2890 non
824 2844 1024 2905 potuit,
1084 2845 1212 2907 quin
1273 2845 1449 2896 luctae
1510 2855 1624 2896 tan-

653 2925 810 2974 quam
834 2926 863 2960 e
889 2912 1112 2974 regione
1134 2922 1357 2977 poneret
1379 2916 1621 2968 saltatio·

655 2995 774 3030 nem
813 2981 1085 3034 mimicam.
1141 2983 1390 3034 Ceterum
1425 2985 1493 3034 de
1520 2985 1624 3034 sal-

653 3051 853 3099 tatione
929 3052 1294 3102 disseruerunt
1351 3051 1415 3105 G.
1470 3053 1625 3103 Her-

652 3127 928 3170 mannus
975 3122 1044 3169 ad
1075 3123 1319 3172 ‚Ariston
1374 3122 1523 3174 Post.
1571 3137 1625 3186 p.

652 3187 723 3240 90
779 3204 877 3252 sqq
935 3189 1228 3242 Boeckh.
1305 3191 1388 3240 De
1445 3193 1625 3243 metris

653 3255 874 3308 Pindari
935 3274 968 3322 p
1045 3259 1162 3312 271.
1225 3277 1305 3325 sq.
1396 3260 1625 3308 Thier-

653 3324 885 3376 schius
943 3327 1156 3380 Einleit.
1215 3345 1258 3381 z.
1306 3329 1527 3380 Pindar.
1577 3343 1627 3392 p.

651 3391 722 3444 64
777 3410 894 3458 sqq.
983 3397 1245 3447 Krause
1308 3397 1624 3460 Gymnastik

654 3462 750 3510 der
807 3463 1070 3516 Hellenen
1135 3467 1254 3520 Vol.
1309 3467 1372 3516 ll.
1432 3483 1481 3530 p.
1522 3465 1628 3520 810

657 3545 774 3591 sqq.

724 3593 790 3644 τὸ
829 3596 896 3646 δὲ
933 3599 1118 3664 πάλη]
1158 3603 1338 3654 Facile
1375 3603 1495 3666 quis
1528 3602 1621 3651 mi·

653 3671 816 3726 retur,
853 3670 994 3732 quod
1033 3673 1148 3720 sola
1188 3669 1318 3736 πάλη
1367 3673 1621 3736 tanquam

647 3734 820 3785 altera
854 3751 975 3800 pars
1022 3743 1383 3801 gymnasticae
1419 3753 1615 3790 memo·

648 3810 828 3866 ratur,
879 3821 1042 3868 quum
1092 3815 1270 3858 tamen
1323 3808 1392 3858 ad
1448 3811 1619 3874 ipsam

651 3875 1002 3932 pertinuerint
1063 3877 1241 3927 omnia
1303 3878 1420 3939 illa,
1486 3893 1620 3942 quae

650 3940 1036 3993 Simonides
1089 3954 1330 3999 recenset
1377 3948 1434 3994 in
1492 3947 1617 4010 Epi-

645 4019 932 4070 grammate
971 4014 1191 4064 Anthol.
1251 4011 1441 4064 Graec.
1484 4015 1527 4066 1.
1566 4031 1614 4078 p.

651 4078 766 4130 752.
823 4083 904 4132 ed.
959 4082 1166 4133 Iacobs.
1258 4081 1465 4143 ’Ἰσθμια
1536 4085 1616 4132 κατ’

655 4143 842 4195 Πυθοῖ
885 4150 1114 4213 Διοφῶν
1155 4150 1184 4200 o‘
1233 4152 1466 4204 Φίλωνος
1516 4149 1614 4200 ἑνί-

651 4209 954 4276 Rucuma,
1029 4218 1344 4284 ποδωκείην,
1421 4217 1616 4276 δίσκον,

1724 1253 1941 1311 ἄκοντα,
1986 1250 2165 1318 πάλην.
2239 1254 2315 1303 At
2364 1256 2517 1303 enim
2560 1256 2702 1304 lucta

1724 1325 1886 1389 vulgo
1924 1324 2217 1373 habebatur
2242 1338 2341 1386 pro
2366 1331 2527 1389 parte
2546 1325 2705 1387 longe

1724 1394 2041 1457 gravissima
2084 1394 2319 1442 universi
2369 1395 2709 1459 quinquertii

1724 1478 1766 1513 s.
1808 1460 2133 1521 nardulum
2168 1463 2520 1526 quamobrem
2546 1465 2712 1513 etiam

1723 1538 1839 1583 tots
1910 1546 1995 1582 res
2072 1533 2406 1595 gymnastica
2484 1534 2715 1582 nomine

1726 1604 1815 1665 τῆς
1852 1598 2015 1665 πάλης
2050 1602 2137 1649 vel
2190 1601 2286 1649 τοῦ
2335 1600 2580 1652 παλαίειν
2618 1600 2713 1651 de-

1724 1672 1926 1733 signari
1994 1670 2226 1732 solebat,
2295 1671 2457 1719 sicuti
2522 1672 2712 1734 paullo

1725 1747 1849 1789 ante
1894 1740 2043 1789 aliud
2078 1746 2303 1801 agentes
2346 1741 2711 1792 ostendimus.

1732 1808 1848 1857 Hoc
1898 1809 2062 1871 igitur
2099 1815 2357 1871 sequutus
2384 1808 2548 1859 Plato
2584 1824 2712 1873 par-

1726 1882 1829 1925 tem
1867 1878 2231 1940 gymnasticae
2268 1891 2403 1937 eam,
2442 1893 2590 1941 quae
2614 1880 2713 1926 mi-

1724 1947 1891 1995 micae
1942 1946 2215 1995 saltationi
2254 1950 2397 1995 esset
2430 1948 2715 2010 opposita,

1728 2015 1818 2078 τῆς
1856 2011 2020 2078 πάλης
2052 2017 2271 2066 nomine
2305 2016 2573 2077 insignire
2602 2032 2715 2068 non

1725 2083 2003 2133 dubitavit.

1794 2152 1859 2201 E.
1934 2147 2210 2217 Moti-0²2⁵·
2256 2150 2431 2213 λέξιν
2474 2168 2714 2213 ninov-

1724 2219 1963 2285 μένων]
2000 2219 2263 2285 Intelligit
2304 2236 2418 2283 eoa,
2457 2226 2555 2286 qui
2590 2238 2713 2273 ear-

1727 2292 1873 2341 mina
1926 2298 2206 2355 poetarum
2256 2292 2471 2341 mimica
2546 2294 2713 2343 saita-

1726 2361 2227 2425 tione'exprimunt
2280 2367 2333 2410 et
2387 2377 2711 2424 repraesen-

1726 2439 1859 2483 tant.
1950 2431 2089 2482 Nam
2144 2425 2377 2494 ,Μούσης
2431 2429 2575 2492 λέξω
2630 2443 2713 2482 est

1728 2503 1952 2562 ποίησις,
1996 2499 2182 2550 crebra
2216 2500 2271 2548 in
2308 2499 2391 2548 his
2428 2501 2595 2550 libris
2632 2502 2710 2550 lo·

1728 2569 1921 2634 quendi
1960 2571 2185 2620 ratione.

1798 2633 1866 2686 τό
1919 2654 1980 2686 τε
2036 2636 2537 2700 μεγαλοπρξπὲε
2596 2654 2708 2700 apv-
2788 2697 2795 2704 .

1728 2708 1757 2756 λ
1770 2704 1800 2755 α’
1814 2725 1836 2754 τ
1848 2721 1913 2755 το
1927 2723 1957 2754 ν
1970 2723 1992 2756 τ
2004 2723 2037 2756 α
2049 2705 2096 2770 s]
2128 2707 2469 2768 Expectabas
2510 2708 2707 2769 φυλατ-

1727 2774 1925 2826 τόντων
1958 2777 2042 2825 vel
2082 2773 2435 2838 φυλάττουσα,
2472 2792 2709 2840 quorum

1724 2847 2035 2898 alterutrum
2072 2845 2375 2910 requirebat
2414 2843 2453 2894 S
2468 2852 2494 2894 t
2508 2862 2541 2896 e
2556 2862 2591 2909 p
2602 2847 2639 2896 b
2652 2861 2707 2896 a-

1726 2932 1759 2965 n
1774 2931 1806 2964 u
1820 2931 1861 2964 s.
1910 2914 1989 2962 Et
2020 2913 2407 2975 φυλαττόντων,
2447 2915 2507 2964 in
2539 2930 2709 2978 marg.

1727 2981 2054 3046 adscriptum
2105 2984 2267 3033 habet
2318 2985 2493 3033 codex
2544 2985 2705 3034 Voss.

1727 3051 1835 3102 Sed
1881 3053 1993 3101 noli
2041 3043 2282 3104 dubitare
2330 3054 2397 3102 de
2451 3054 2709 3116 vulgatae

2028 3123 2269 3172 veritate.
2342 3125 2708 3174 Accusativus

1726 3122 1973 3172 lectionis

1726 3192 1865 3241 enim
1904 3205 1999 3253 per
2033 3191 2395 3242 anacoluthon
2452 3192 2709 3254 infertur,

1704 3261 1947 3324 ‚perinde
1982 3275 2046 3309 ac
2090 3261 2133 3310 si
2171 3262 2521 3322 antecesserit
2550 3261 2707 3310 Moni-

1726 3341 1823 3392 σης
1868 3326 2004 3388 λέξιν
2052 3329 2325 3389 μιμεῖσθαί
2362 3330 2459 3394 (sc.
2512 3327 2711 3392 sorim,

1724 3397 1883 3448 modo
1932 3398 2229 3465 infinitiw,
2266 3400 2351 3448 cui
2398 3401 2507 3450 iam
2560 3409 2708 3450 recte

1725 3466 2067 3530 subiungitur
2110 3464 2491 3530 φυλάττοντας,
2534 3485 2705 3533 quan-

1724 3535 2013 3598 doquidem
2051 3551 2102 3584 τε
2136 3552 2245 3586 non
2290 3539 2535 3588 annectit
2572 3539 2706 3591 haec

1723 3605 1887 3654 verba
1922 3606 2305 3668 superioribus,
2342 3609 2440 3658 sed
2472 3623 2705 3670 respon-

1719 3674 1811 3722 det
1834 3671 2011 3735 potius
2048 3678 2523 3738 consequentium:
2564 3677 2705 3728 Ram

1720 3741 1867 3806 quod
1904 3743 2097 3792 vocula
2130 3745 2272 3793 inter
2325 3747 2615 3798 articulum
2652 3753 2706 3797 et

1721 3825 1912 3862 nomen
1985 3812 2267 3866 interiecta
2342 3822 2457 3878 est,
2542 3829 2705 3880 quum

1720 3895 1847 3930 usus
1894 3881 2171 3944 postulare
2214 3881 2466 3936 videatur
2518 3881 2581 3932 τὸ
2618 3901 2703 3944 με·
2795 3903 2798 3908 ·

1722 3947 2044 4011 γαλοπρεπέε
2115 3966 2183 4008 τε,
2254 3952 2313 4000 id
2388 3955 2705 4018 neutiquam

1722 4031 1925 4079 rarum,
1978 4034 2025 4070 v.
2064 4019 2133 4070 ad
2172 4017 2381 4072 Criton.
2418 4039 2474 4088 p.
2512 4021 2601 4076 43.
2636 4021 2701 4070 B..
2756 4034 2769 4050 ·

1721 4093 1773 4134 et
1809 4087 1947 4138 intra
1984 4103 2033 4150 p.
2067 4087 2185 4142 ¹296.
2226 4085 2295 4141 D.
2332 4090 2533 4155 Itaque
2568 4091 2703 4144 falsa

1721 4161 1843 4204 sunt
1878 4157 2118 4218 omnino,
2154 4172 2288 4221 quae
2328 4162 2581 4212 Aetius
2616 4161 2703 4210 bic

1720 4225 1783 4272 de
1840 4225 2093 4286 antiptosi
2138 4228 2321 4280 Attica
2374 4231 2699 4295 disputavit3

2787 4197 2794 4374 1

2785 4485 2790 4558 ἑ

2730 4559 2789 4696 ‚l
