2857 4738
398 332 524 395 DE
574 333 987 400 LEGIBUS
1036 334 1216 399 LIB.
1274 335 1432 399 VII.
1481 337 1554 400 P.
1607 339 1748 403 802.
1799 340 1897 402 St.
2035 343 2160 405 303

142 510 235 573 nai
288 505 681 593 άρμονίαισι
730 507 811 591 δὴ
850 514 963 576 καὶ
1013 509 1315 599 ῥυθμοῖς
1366 513 1895 602 προςαρμόττειν
1947 514 2160 595 αναγ-

140 618 353 675 καῖον·
418 606 649 677 δεινὸν
716 610 847 696 γάρ
912 607 1037 702 ὅλῃ
1102 636 1174 693 γε
1243 609 1542 699 ἁρμονίᾳ
1606 614 1896 699 ἀπᾴδειν
1951 611 2000 694 ἢ
2043 615 2158 704 ῥυ-

141 710 286 789 θμῷ
335 706 753 798 άρῥυῦμεῖν,
804 714 1013 794 μηδὲν
1064 712 1488 798 προςὴκοντα
1541 714 1846 791 ἑκάστοις
1899 714 2162 782 τούτων

136 806 542 876 ἀποδιδόντα
617 823 761 887 τοῖς
796 816 1089 895 μέλεσιν.
1142 811 1522 896 ἀναγκαῖον
1573 812 1654 896 δὴ
1725 820 1833 881 καὶ
1903 817 2022 882 τού
2036 842 2162 881 των

138 905 209 971 τοὶ
274 906 592 993 σχήματά
664 936 734 991 γε
800 917 1227 996 νομοθετεῖν.
1276 918 1416 979 ἔστι
1465 916 1536 981 δὲ
1580 915 1990 1005 ἀμφοτέρας
2037 921 2160 1003 μέν

132 1004 473 1097 ἀμφότερα
527 1007 795 1095 ἀνάγκη
844 1011 1249 1099 κατεχόμενα
1301 1013 1726 1092 ἀποδιδόναι,
1769 1024 1854 1081 τα
1909 1018 1978 1085 δὲ
2030 1022 2160 1083 τῶν

134 1111 415 1191 θηλειῶν
494 1108 685 1195 αὐτῷ
748 1114 841 1196 τῷ
908 1116 1029 1194 τῆς
1074 1114 1333 1203 φύσεως
1381 1121 1694 1202 ἐκατέρου
1749 1120 2158 1209 διαφέροντι,

137 1206 329 1294 τούτῳ
398 1214 501 1279 δεῖ
570 1215 681 1279 καὶ
748 1217 1125 1304 διασαφεῖν.
1166 1213 1275 1301 ,τὸ
1334 1216 1415 1295 δὴ
1487 1221 1984 1301 μεγαλοπρεπὲς
2033 1208 2158 1287 οὖν

134 1314 229 1374 καὶ
278 1310 353 1379 τὸ
409 1310 603 1399 πρὸς.
640 1310 768 1393 τὴν
816 1312 1137 1400 ἀνδρείαν
1190 1312 1399 1404 ῥέπον
1451 1312 1850 1405 άρῥενωπόν
1905 1329 2158 1404 φατέον

133 1408 318 1489 εἶναι,
371 1412 447 1479 τὸ
524 1416 591 1479 δὲ
664 1411 831 1501 πρὸς
898 1412 975 1481 τὸ
1044 1414 1321 1498 κόσμιον
1386 1419 1498 1481 καὶ
1567 1419 1846 1504 σῶφρον
1895 1420 2159 1502 μᾶλλον

132 1508 489 1585 ἀποκλῖνον
554 1518 1125 1600 θηλυγενέστερον
1192 1512 1281 1591 ὡς
1342 1512 1423 1581 ὂν
1487 1520 1910 1601 παραδοτέον
1959 1524 2029 1583 ἓν
2091 1544 2156 1583 τε

135 1613 213 1693 τῷ
260 1613 441 1699 νόμῳ
499 1620 611 1681 καὶ
664 1616 863 1701 λόγῳ.
921 1616 1109 1695 τάξις
1170 1620 1293 1699 μὲν
1346 1616 1427 1697 δή
1482 1642 1581 1693 τις
1633 1614 1841 1697 αὕτη·
1897 1619 2156 1685 τούτων
2201 1633 2324 1696 803

134 1713 192 1775 δὲ
238 1713 461 1781 αὐτῶν
516 1716 917 1785 διδασκαλία
968 1720 1077 1781 καὶ
1134 1712 1509 1803 παράδοσις
1537 1721 1834 1799 λεγέσθω
1869 1716 1954 1786 ,τὸ
1986 1716 2151 1803 μετά

136 1814 343 1901 τοῦτο,
392 1822 551 1882 ’τίνα
606 1814 866 1903 τρόπον
912 1816 1040 1903 χρὴ
1114 1823 1225 1907 καὶ
1279 1813 1514 1895 οἶςτισι
1565 1824 1676 1884 καὶ
1731 1820 1890 1886 πότε
1943 1822 2158 1905 πράτ-

298 1994 337 2011 Q

138 2059 265 2108 dedit
309 2060 515 2113 τούτοις
568 2063 819 2113 ἑκάστοις.
895 2066 1043 2114 Idem
1091 2074 1371 2116 servarunt
1407 2064 1683 2115 Bekkerus
1729 2074 1782 2114 et
1817 2066 2152 2117 TurieenseS.

137 2129 207 2177 Ae
238 2130 459 2182 fortasse
502 2132 630 2182 Par.
670 2136 737 2183 A.
778 2136 855 2183 ita
894 2137 1143 2199 scriptum
1184 2136 1419 2183 exhibet.
1493 2134 1790 2185 Florentini
1829 2143 2004 2183 tamen
2031 2133 2188 2185 libri·

137 2209 177 2243 a.
211 2214 249 2245 e.
282 2197 323 2247 δ.
360 2200 606 2252 ἑκάστοις
643 2200 857 2251 τούτων.
930 2203 1089 2263 Quod
1118 2204 1290 2265 Tacit,
1334 2212 1394 2251 ut
1434 2204 1534 2252 hoe
1585 2184 1700 2265 pro‘
1717 2218 1844 2253 vero
1883 2206 2153 2267 ducemne,

140 2280 283 2329 usque
317 2272 438 2320 dum
479 2274 549 2321 de
586 2272 719 2321 aliis'
743 2274 893 2322 libris
932 2275 1155 2323 meliora
1197 2275 1370 2321 edocti
1410 2273 1682 2322 fuerimus.

253 2332 492 2406 ἀνάγκη
538 2339 973 2408 κατεχόμενα]
1014 2344 1077 2392 V.
1119 2344 1383 2408 explieatt.

255 2404 318 2456 τὰ
353 2408 416 2458 δὲ
464 2411 587 2460 τῶν
634 2409 951 2480 θηλειῶν]
993 2415 1133 2461 Ante
1170 2415 1301 2462 haee
1345 2411 1508 2460 verba
1552 2411 1707 2459 Astio
1745 2411 2024 2460 videbatur
2062 2425 2148 2461 ex-

138 2474 327 2586 Edisse:
370 2477 425 2528 τὰ
462 2479 559 2542 μὲν
598 2481 697 2529 τῶν
732 2476 987 2546 άρῤένων.
1052 2480 1155 2531 Sed
1198 2483 1300 2530 vid:
1340 2482 1611 2548 explicatt.
1673 2479 1778 2530 Pro
1817 2480 2042 2544 θηλειῶν
2082 2486 2148 2532 A.

145 2572 147 2574 v
181 2579 189 2588 -
224 2561 295 2607 pr.
333 2565 398 2597 m.
439 2551 610 2599 λειῶν.
1418 2549 1423 2554 ’
2009 2565 2027 2578 “

136 2759 217 2810 dis
232 2763 276 2811 ti
290 2779 363 2828 ng
378 2761 577 2816 uerste
591 2783 633 2816 ε.
706 2768 797 2816 Ad
840 2769 1079 2830 singula-

138 2842 231 2878 rem
278 2849 553 2886 numerum
604 2832 970 2899 διορισάμενον
1018 2837 1078 2884 li-

136 2907 245 2958 quet
278 2911 330 2952 ut
348 2907 643 2956 subiectum
666 2907 892 2969 cogitari
922 2921 1081 2970 opor-

135 2971 229 3016 tere
266 2970 395 3031 τινά,
432 2983 495 3024 ut
530 2975 729 3026 frustra
763 2975 950 3038 fuerit,
989 2976 1081 3038 qui

137 3034 433 3092 desideravit
472 3038 897 3109 διορισαμένους,
928 3059 1081 3110 prae-

136 3109 295 3158 sertim
328 3129 491 3176 quum
526 3121 779 3177 sequatur
801 3114 928 3164 dein
952 3107 1080 3162 ἆπο·

137 3167 337 3230 διδόντα.
410 3183 497 3232 De
548 3200 596 3232 v.
644 3177 787 3248 τύπῳ
836 3199 883 3232 v.
923 3184 992 3232 ad
1028 3197 1079 3246 p.

136 3237 237 3296 803.
280 3247 347 3299 D.
420 3251 557 3302 Mox
602 3250 797 3316 μηδὲν
849 3247 1078 3316 προςή-

138 3323 325 3377 ιιοντα,
371 3328 479 3373 est:
530 3322 715 3386 nulla
772 3337 849 3372 ex
894 3327 1081 3386 parte

137 3390 398 3438 conveni
415 3393 612 3440 entia.

152 3507 165 3528 5
196 3449 316 3504 ἔστι
373 3455 441 3506 δὲ
512 3455 917 3524 ἀμφοτέροις
968 3455 1080 3518 μὲν

138 3531 248 3582 αμφ
262 3523 291 3572 ό
304 3544 325 3574 τ
337 3543 448 3592 ερα
465 3528 561 3594 -]
586 3529 764 3579 Locus
781 3535 1077 3591 corruptus.

136 3582 302 3666 {taque
338 3595 375 3646 S
390 3599 664 3648 ohneide
680 3614 705 3648 r
720 3613 789 3647 us
838 3597 1077 3648 refinxit:

136 3656 312 3726 ανάγκῃ
383 3663 710 3730 κατεχόμενα,
788 3683 824 3716 n
837 3683 865 3718 e
877 3682 904 3715 c
916 3682 947 3716 e
961 3683 984 3716 s
998 3681 1021 3715 s
1034 3667 1075 3714 i-

134 3729 249 3778 tate
294 3734 547 3786 adstric
561 3745 651 3798 ta,
703 3737 850 3802 quod
890 3751 1076 3801 parum

135 3793 303 3874 Placet.
338 3805 389 3854 A
402 3821 426 3856 ε
442 3808 571 3856 tius
592 3807 875 3870 legendum
897 3812 1077 3856 censet

136 3876 185 3912 τα
216 3865 451 3932 ἑπόμενα.
520 3875 939 3926 Winkelman
956 3890 990 3924 n
1006 3889 1077 3924 us

135 3945 246 4010 vero
282 3946 545 3996 coniectat
584 3942 643 3994 τὰ
678 3941 907 4007 ἐχόμενα.
970 3941 1015 3992 N
1020 3959 1075 3992 ο-

136 3997 206 4080 13¹⁸
239 4012 385 4060 unice
408 4017 582 4078 placet
605 4010 661 4063 τὰ
702 4032 729 4062 κ
742 4015 827 4064 αθ
841 4011 952 4078 η’κο
966 4030 1030 4062 ντ
1044 4030 1076 4062 α

137 4071 438 4131 αποδιδόναι.
508 4083 715 4136 Deinde
757 4085 827 4136 ad
858 4084 1073 4146 integri·

135 4142 277 4220 ‘aiem
346 4154 638 4206 sententiae
709 4155 981 4218 complura
1043 4166 1075 4201 a

138 4213 315 4268 criticis
352 4221 649 4274 desiderata
685 4231 821 4273 sunt.
879 4219 1071 4284 Quam·

1184 2769 1363 2818 obrem
1390 2767 1630 2816 Aetius
1668 2783 1785 2818 cum
1808 2769 2150 2834 Stephano

1182 2837 1465 2900 legendum
1489 2838 1801 2888 arbitratur:
1846 2835 1902 2887 τά
1938 2839 2028 2900 μὲν
2054 2840 2152 2889 τῶν

1182 2899 1435 2971 α’ᾆρἐνων,
1468 2905 1524 2956 τὰ
1563 2905 1619 2954 δὲ
1657 2907 1757 2955 τῶν
1793 2907 2022 2971 θηλειῶν
2055 2902 2148 2958 αὖ·

1184 2975 1253 3040 τῷ
1298 2975 1367 3040 τῷ
1408 2976 1498 3040 τῆς
1537 2993 1591 3038 φ.
1631 2993 1674 3022 κ.
1718 2992 1756 3028 τ.
1780 2977 1819 3023 1..
1873 2977 1979 3026 Sed
2017 2979 2150 3026 nihil

1184 3045 1474 3109 quidquam
1531 3047 1714 3094 deesse
1773 3045 1928 3095 nobis
1992 3046 2186 3108 plane,

1180 3117 1557 3176 persuasimus.
1632 3113 1771 3168 Quid
1815 3117 1892 3163 rei
1933 3115 2026 3175 sit,
2067 3116 2150 3163 vel

1183 3177 1343 3232 unu'm
1408 3183 1553 3232 istud
1598 3180 1690 3241 μέν
1739 3183 1975 3231 ostendit
2011 3190 2150 3246 post

1182 3246 1500 3316 ἀμφοτέροις
1581 3253 1976 3317 interpositum,
2064 3253 2146 3300 cui

1183 3321 1464 3370 manifesto
1510 3321 1793 3382 respondet
1839 3318 1893 3368 δέ
1938 3321 1992 3370 in
2033 3335 2146 3370 ver-

1182 3391 1263 3438 bis
1311 3386 1371 3438 τά
1416 3387 1473 3437 δὲ
1520 3387 1618 3435 τῶν
1661 3387 1890 3451 θηλειῶν
1936 3406 1978 3438 κ.
2022 3407 2062 3438 τ.
2101 3390 2144 3443 λ.

1182 3456 1393 3521 Quippe
1488 3460 1750 3508 sententia
1831 3459 1961 3508 haee
2039 3465 2146 3507 est:

1180 3523 1380 3586 Quum
1447 3540 1604 3576 vero
1677 3529 1982 3592 utrisque
2043 3543 2144 3596 nes

1180 3611 1359 3650 cesse
1394 3595 1481 3643 sit
1530 3595 1932 3648 tribuantur
1971 3602 2141 3649 utra·

1178 3678 1301 3729 que
1395 3667 1925 3730 convenientia,
2012 3675 2144 3718 tum

1176 3749 1340 3799 quae
1389 3736 1779 3787 mulieribus
1837 3738 2141 3788 eonveni-

1176 3811 1311 3866 ant,
1361 3820 1480 3866 pro
1536 3807 1889 3870 utriusque
1947 3821 2144 3856 sexus

1182 3873 1598 3925 diversitate
1665 3875 2144 3926 declarandum

1181 3950 1293 3992 est.
1348 3943 1560 3994 Etenim
1599 3960 1780 3993 sexum
1820 3943 2145 4002 muliebrem,

1178 4013 1448 4066 mentione
1480 4015 1712 4062 virorum
1756 4010 2145 4075 praetermissa,

1178 4082 1263 4133 hie
1300 4089 1678 4132 commemorat
1710 4083 1851 4144 ideo,
1873 4079 1996 4142 quia
2018 4075 2143 4128 huic

1180 4151 1410 4202 nondum
1449 4151 1674 4214 usquam
1697 4150 1894 4200 similes
1915 4147 2142 4210 scriptae

1178 4219 1387 4272 fuerant
1422 4221 1584 4282 leges.
