2857 4738
39 3916 49 4480 WW—-v-r———v-
40 3874 42 3903 -ψ
40 3842 42 3851 -ψ

619 337 762 418 ΧΙΙ
1287 337 2021 406 PROLEGOMENA

621 507 842 575 mundi
904 529 1154 574 arcana·
1213 501 1505 610 pandere
1557 533 1639 576 ac
1710 520 2073 576 monstrare
2144 511 2367 596 potius
2389 558 2407 592 ‚
2470 533 2665 594 quam

621 596 1013 661 disserendo
1059 595 1421 684 explicare,
1484 595 1553 659 id
1600 596 1973 662 etiamnunc
2018 595 2357 662 verissime.
2420 595 2665 662 dictum

623 683 1036 762 arbitramur,
1081 682 1242 748 licet
1267 682 1595 765 extiterit,·
1631 681 1743 765 qui
1775 682 1936 746 haec
1982 681 2185 747 verba
2226 691 2451 747 nostra
2480 681 2663 748 mali.-

623 791 752 853 gne
811 768 1353 851 calumniaretur,
1427 767 1773 832 temeraria
1832 766 2253 834 cavillatione
2318 787 2664 850 quaerens,

623 852 1094 938 hierophantae
1153 852 1487 938 quomod·
1536 852 1793 937 loquuti
1827 854 1984 918 sint.
2076 851 2231 934 Qua
2272 875 2405 917 una
2446 857 2517 916 i·e
2558 853 2666 916 ille

493 982 510 988 -
619 951 690 1004 et
745 938 1101 1003 voluntatis
1161 947 1230 1002 et
1291 937 1633 1004 doctrinae
1690 959 1849 1004 suae
1908 937 2372 1005 documentum
2430 937 2662 1019 edidit,

668 1025 816 1090 uale
874 1023 1006 1108 ipsi
1067 1045 1257 1089 nemo
1318 1024 1667 1108 quisquam
1714 1023 2025 1088 invideat.
2068 1049 2075 1056 ·
2116 1021 2253 1090 Sed
2296 1021 2473 1089 istud
2522 1025 2663 1108 qui-

621 1047 768 1175 dem
833 1109 900 1174 in
959 1108 1292 1194 praesenti
1349 1109 1705 1174 mittamus.
1807 1108 2137 1174 Addimus
2194 1109 2416 1194 potius
2468 1111 2663 1174 etiam

621 1196 816 1261 aliam
877 1215 1214 1278 caussam,
1261 1215 1379 1260 cur
1438 1194 1629 1261 Plato
1686 1217 1893 1280 prope
1938 1194 2336 1260 necessitate
2382 1195 2695 1280 quadam·

622 1281 706 1346 ad
779 1303 968 1346 usum
1011 1281 1239 1346 thuius
1312 1281 1574 1367 generis
1644 1293 2017 1346 sermonum
2090 1291 2363 1346 coactus
2443 1281 2660 1346 tuerit.

623 1367 994 1433 Praemisit·
1031 1367 1237 1449 enim,
1297 1375 1374 1430 ut
1430 1366 1741 1450 vidimus‚·
1784 1365 2041 1452 legibus
2096 1367 2240 1434 suis
2304 1367 2661 1452 prooemia,

621 1453 862 1537 quibus
907 1454 1233 1538 spectavit
1275 1450 1440 1535 hoc,
1500 1460 1577 1517 ut
1614 1450 1704 1516 ad
1726 1451 1963 1538 „legum
2010 1452 2141 1516 vim
2188 1460 2388 1536 atque
2437 1473 2661 1518 neces·

571 1541 884 1604 -sitatem
961 1537 1438 1624 adiungeretur
1516 1537 1714 1602 etiam
1774 1537 2251 1602 cohortationis
2300 1538 2659 1603 auctoritas

619 1635 690 1690 et
746 1622 1238 1705 benevolentia,
1301 1644 1435 1706 qua
1476 1623 1660 1688 cives
1704 1622 1789 1687 ad
1830 1622 2170 1688 liberalem
2212 1631 2281 1686 et
2319 1622 2660 1689 honestam

621 1712 839 1796 legum
899 1709 1382 1774 observantiam
1427 1717 1986 1793 permoverentur.
2074 1707 2153 1770 In
2198 1707 2305 1772 his
2342 1731 2504 1776 vero
2550 1731 2659 1774 co·

620 1794 1105 1860 hortationibus
1166 1817 1318 1860 num
1380 1816 1529 1858 eum
1604 1793 1979 1879 putabimus
2036 1793 2254 1858 locum
2314 1791 2473 1858 dare
2546 1817 2659 1880 po·-

620 1881 832 1946 tuis-se
888 1879 1319 1964 disputationi
1391 1878 1477 1943 ad
1535 1878 1919 1948 dialecticae
1990 1878 2381 1945 subtilitatis
2451 1880 2659 1966 legem

621 1964 1022 2032 adstrictae?
1125 1965 1482 2034 Enimvero
1530 1965 1639 2030 hie
1693 1963 2003 2050 quidemf
2028 1965 2085 2031 si
2148 1963 2313 2048 quid
2360 1964 2653 2031 iudicare

623 2073 1011 2137 possumus,
1073 2073 1344 2136 prorsus
1399 2051 1527 2114 fuit
1578 2052 2059 2131 necessarium,
2108 2058 2185 2114 ut
2226 2059 2523 2118 uteretur
2562 2051 2658 2116 di-

623 2137 816 2203 cendi
861 2159 1100 2223 genere
1131 2137 1444 2219 oratoriO,
1496 2159 1707 2221 eoque
1752 2137 1991 2222 partim
2022 2135 2323 2217 sublimi,
2374 2137 2654 2219 excelsO,

621 2223 997 2310 magnifico.
1117 2224 1344 2307 Atque
1399 2221 1529 2287 hoc
1590 2245 1817 2288 revera
1875 2223 2070 2306 fecit,
2130 2230 2203 2286 et
2258 2220 2421 2288 fecit
2474 2233 2657 2288 tanto

511 2327 528 2347 ·
621 2301 1024 2397 elegantius,
1055 2309 1266 2393 *quod
1292 2329 1458 2377 cum
1502 2307 1615 2374 illo
1659 2308 2000 2378 familiaris
2056 2307 2368 2393 colloquii
2425 2330 2655 2399 genere

619 2396 774 2461 talis
825 2396 1038 2461 oratio
1079 2395 1388 2461 facillime
1434 2396 1804 2461 consociari
1843 2394 2085 2495 potuit.

792 2482 981 2545 Haec
1039 2481 1244 2565 igitur
1301 2480 1385 2545 de
1436 2479 1783 2546 dialectica
1838 2503 1905 2544 m
1968 2481 2373 2567 singularum
2446 2502 2655 2545 rerum

623 2588 701 2629 ac
769 2565 1242 2629 sententiarum
1307 2564 1743 2649 explicatione
1797 2588 2014 2652 nuper
2082 2589 2121 2629 a
2180 2565 2433 2631 criticis
2488 2562 2654 2629 desi-

623 2650 869 2715 derata.
963 2649 1098 2730 Qui
1143 2649 1407 2732 quidem
1454 2650 1639 2715 locus
1680 2651 1858 2735 infra
1906 2652 2102 2715 etiam
2146 2650 2293 2737 plus
2338 2653 2509 2717 lucis
2554 2671 2654 2715 ac-

621 2736 856 2822 cipiet,
917 2735 1028 2800 ubi
1093 2734 1174 2799 de
1233 2734 1495 2822 dialogi-
1526 2744 1665 2800 arte
1694 2746 1775 2801 -et
1816 2737 2071 2802 ratione
2112 2736 2327 2820 deque
2374 2737 2553 2803 vitiis
2592 2737 2653 2799 in

619 2822 1184 2908 argumentatione
1225 2821 1823 2889 animadvertendis
1867 2822 2329 2910 disputabitur.

1255 3022 1523 3031 ffl—-ss---..
1540 3026 1609 3031 -—
1622 3026 1733 3033 ——-—
1754 3022 1895 3033 --.με---
1916 3029 1923 3032 -
1940 3028 1952 3033 -

1100 3213 1287 3329 Cap.
1351 3213 1514 3305 XV.
1608 3212 1989 3331 segment.
2054 3216 2173 3307 lv.

619 3396 1052 3453 ostenditur
1107 3401 1268 3455 sine
1317 3413 1595 3455 caussa
1638 3400 2149 3453 desideratam
2200 3411 2371 3455 esse
2414 3397 2647 3454 artifi-

623 3465 1022 3521 ciosionem
1087 3484 1332 3524 rerum
1387 3468 1925 3537 expositionem
1974 3470 2379 3535 aptamque
2428 3481 2645 3533 argu-

622 3536 1100 3596 mentationis,
1131 3538 1759 3607 progressionem.
1833 3536 2406 3591 Demonstratur
2448 3536 2645 3595 item‘,
2686 3549 2691 3555 ·

607 3618 985 3670 <lustenam
1043 3606 1148 3661 sit
1205 3609 1608 3661 universae
1674 3606 2202 3673 disputationis
2256 3613 2647 3674 coagmen-

616 3673 839 3735 tflnw,
901 3677 984 3728 ot
1041 3691 1260 3742 quam
1329 3676 1694 3731 sollerter
1738 3675 2042 3730 virtutis
2100 3676 2183 3728 et
2240 3671 2647 3729 honest-tis

618 3743 966 3799 doctrina
1015 3760 1174 3798 euin
1234 3759 1487 3800 rernm
1534 3745 1859 3799 civilium
1918 3744 2421 3811 explicatione
2476 3754 2643 3796 eon-

617 3813 870 3867 iuncta
919 3812 1042 3867 sit.
1124 3814 1719 3869 Praemittuntur
1767 3812 2139 3882 quaedam
2176 3814 2271 3869 do
2314 3810 2643 3865 Platonis

661 3883 830 3943 arte
869 3882 1315 3946 disserendi.
1387 3884 1730 3937 flonetur
1769 3881 2090 3949 denique
2132 3882 2227 3937 de
2262 3878 2588 3937 universi

1001 3952 1006 3957 ’
1261 3954 1515 4021 operis
1552 3952 2017 4022 integritate.

789 4106 1183 4172 Accedimus
1242 4130 1414 4171 nunc
1487 4104 1570 4170 ad
1628 4106 1888 4171 tertium
1950 4106 2152 4188 illud,
2212 4100 2390 4188 quod
2453 4120 2645 4197 supra

617 4191 822 4277 primo
901 4193 1048 4257 loco
1127 4192 1794 4260 commemoravimus.
1920 4190 2395 4256 Desiderat-unt
2478 4204 2643 4251 enim
