2857 4738
1121 209 1129 248 1

742 345 873 410 DE
917 303 1359 413 memus
1384 357 1507 442 etc.
1565 292 1568 294 Ὗ
1921 364 1934 384 ,
1973 347 2144 414 xm

166 518 275 581 776.
313 515 381 582 C.
424 539 519 600 sq.
571 519 714 585 777.
778 515 858 584 C.
907 517 1071 586 Vll.
1116 541 1181 602 p.
1226 519 1371 584 804.
1404 513 1503 582 Ε.
1549 515 1715 582 XII.
1761 543 1826 604 p.
1871 520 2020 586 953.
2062 519 2144 585 Ε.

162 611 215 666 et
266 603 426 668 Libr.
482 602 616 668 111.
672 603 947 688 passim3
1023 614 1139 668 aut
1198 602 1377 687 quod
1444 602 1553 668 hic
1623 611 1692 668 et
1765 602 1900 668 illic
1983 627 2142 670 suae

160 686 573 773 disputationis
654 689 972 760 rationem
1041 689 1326 755 illustrat
1402 699 1470 754 et
1543 688 1992 773 commendat,
2069 700 2145 754 ut

160 773 309 839 Libr.
370 774 424 844 I.
528 825 547 844 .
606 777 751 840 638.
826 775 909 840 Β.
988 798 1133 860 sqq.
1209 775 1341 842 III.
1415 799 1482 860 p.
1559 777 1699 840 70].
1771 773 1848 840 C.
1922 775 2007 840 V.
2073 798 2141 860 p.

160 862 271 925 744.
320 861 393 925 Β.
446 801 572 925 IFI.
634 885 705 948 p..
780 864 925 926 751.
990 861 1071 926 B.
1118 860 1343 925 .VIII.
1416 883 1483 946 p.
1563 863 1708 926 739.
1783 861 1870 925 D.
1943 859 2143 927 ‚sedu-
2197 887 2205 896 ·

154 944 312 1029 loque
366 957 596 1030 cavet,
657 969 741 1012 ne
806 945 967 1030 quid
1027 945 1316 1031 ridicule³
1368 956 1485 1011 aut
1546 969 1779 1032 parum
1839 955 2144 1012 accurate

156 1030 359 1096 dietum
410 1033 719 1100 videatur
774 1033 929 1116 (VI.
987 1057 1049 1118 p.
1109 1033 1381 1098 778..Ε.
1426 1033 1589 1098 Vn.
1634 1057 1699 1118 p.
1749 1034 1894 1099 789.
1936 1033 2016 1098 Β.
2061 1032 2142 1097 Ε.

157 1117 273 1182 790.
307 1123 383 1182 A.
430 1123 578 1184 792.
621 1119 705 1182 Ε.
746 1120 893 1184 800.
936 1118 1019 1183 B.
1066 1118 1259 1184 VIII.
1305 1143 1369 1206 p.
1408 1120 1558 1184 830.
1605 1119 1689 1182 D.
1734 1119 1826 1183 X.
1885 1142 1948 1205 p.
1995 1121 2140 1184 892.

158 1201 228 1266 D.
264 1215 317 1266 et
354 1203 431 1270 de
478 1203 789 1270 dictionis
836 1213 1185 1270 accuratae
1228 1227 1387 1270 cura
1432 1205 1637 1270 Libr.·
1663 1203 1717 1268 I.
1765 1229 1826 1290 p.
1871 1207 2017 1271 626.
2051 1204 2142 1269 D.

158 1288 273 1355 627.
312 1288 381 1354 c.
425 1291 520 1354 Π.
570 1313 637 1375 p.
684 1291 828 1354 655.
874 1292 959 1356 A.
1006 1291 1091 1355 V.
1139 1315 1204 1378 p.
1253 1293 1395 1357 728.
1443 1289 1520 1356 C.
1568 1291 1711 1354 744.
1759 1289 1836 1355 c.
1885 1293 2028 1356 745.
2059 1291 2143 1355 Ε.

158 1369 249 1439 VI.
285 1397 341 1462 p.
399 1379 545 1441 755.
608 1374 689 1442 C.
737 1375 896 1441 VII.
946 1377 1091 1441 808.
1138 1381 1223 1443 Α.
1267 1377 1356 1442 Χ.
1406 1399 1473 1460 p.
1519 1377 1662 1440 886.
1710 1377 1827 1460 A.)
1869 1385 1985 1442 aut
2027 1374 2139 1440 de-

152 1457 313 1542 nique
397 1461 665 1530 easdem
733 1462 1094 1526 sententias
1165 1462 1272 1527 v'el
1344 1460 1573 1528 eadem
1653 1459 1832 1526 dicta
1903 1463 2145 1548 repetit

153 1543 555 1628 frequentiae,
604 1547 810 1612 veluti
856 1571 1057 1632 quum
1100 1548 1263 1615 eade
1351 1549 1601 1634 profert
1629 1547 1712 1610 de
1759 1570 1902 1612 voe.
1933 1548 2144 1630 νόμος

152 1629 211 1724 13.
248 1631 363 1698 III.
402 1660 461 1722 p.
507 1637 656 1700 700.
706 1633 785 1698 B.
835 1633 910 1700 C.
960 1633 1082 1699 IV.
1126 1659 1191 1722 p.
1315 1635 1383 1698 2.
1430 1634 1520 1700 D.
1561 1632 1722 1699 VII.
1770 1658 1831 1720 p.
1883 1634 2026 1699 799.
2061 1633 2139 1698 Ε.

153 1735 213 1780 ac
247 1717 321 1783 de
363 1719 739 1786 discrimine
780 1723 903 1786 τοῦ
951 1718 1157 1801 λόγου
1204 1729 1275 1786 et
1314 1724 1440 1786 τοῦ
1481 1717 1698 1800 νόμου
1745 1719 1930 1784 Libr.
1984 1720 2142 1784 VII.

92 1873 99 1880 ‚
154 1823 203 1885 p.
240 1805 368 1870 788.
411 1805 645 1872 A-C.
692 1813 759 1871 et
805 1808 946 1872 793.
990 1805 1069 1871 B.
1114 1805 1314 1872 VIII.
1358 1832 1420 1893 p.
1467 1809 1612 1874 835.
1659 1805 1741 1871 Ε.
1781 1814 1850 1870 et
1891 1804 2142 1872 iudices
2231 1835 2237 1844 ·

151 1897 261 1953 tum
301 1891 372 1956 L.
418 1892 539 1960 VI.
586 1918 653 1980 p.
700 1894 845 1960 767.
889 1895 965 1959 Α.
1009 1902 1147 1958 tum
1195 1895 1340 1959 768.
1386 1892 1466 1958 C.
1509 1901 1736 1958 monet
1779 1911 1928 1958 esse
1973 1893 2144 1956 inter

59 1977 62 1982 ’
148 1975 520 2061 magistratus
566 1976 1009 2044 numerandos
1074 1977 1371 2064 adeoque
1422 1978 1524 2046 bis
1568 2001 1688 2066 per
1731 1979 1948 2044 iocum
1992 2001 2140 2064 pro·

150 2063 379 2128 nunciat
432 2064 824 2150 disciplinae
884 2073 951 2128 et
1004 2064 1435 2132 institutionis
1478 2066 1883 2152 praefectum
1927 2064 2150 2150 ipsum

156 2150 878 2301 {nguev‘lfilaeiphngogt
914 2149 1327 2304 {istitptigoffie
1369 2152 1477 2302 ixl
1505 2151 1780 2300 m‘asstime
1826 2148 2144 2296 indigere¹⁹²

207 2254 226 2293 1
265 2256 308 2298 r.
490 2286 506 2303 .
628 2286 643 2302 .
838 2285 856 2303 .
938 2281 947 2302 1
984 2285 1001 2300 .
1062 2258 1097 2301 e
1231 2301 1233 2303 ,
1312 2286 1328 2302 .
1445 2267 1475 2303 ’.
1639 2258 1932 2300 mmvero
1987 2255 2110 2298 sun

157 2313 292 2383 haec
327 2324 523 2388 omnia
566 2262 1055 2407 {superbia-et
1097 2345 1269 2387 vana
1294 2321 1608 2387 iactantia
1639 2321 1866 2407 utique
1911 2319 2140 2401 libera,

159 2422 341 2485 neque
380 2408 549 2475 aliam
596 2409 849 2474 habent
880 2430 1187 2475 ⁴caussam
1222 2418 1289 2482 et
1330 2409 1673 2489 rationem,
1724 2428 1920 2492 quam
1966 2404 2146 2491 quod
2214 2451 2218 2455 ·

59 2546 62 2549 ,
160 2486 524 2561 Atheniensis
560 2497 709 2562 fore
734 2516 904 2560 unus
934 2516 1192 2559 omnem
1221 2516 1439 2558 rerum
1469 2493 1598 2557 vim
1647 2500 1844 2577 atque
1887 2492 2142 2577 copiam

155 2592 279 2639 cum
330 2577 429 2645 Me
477 2582 587 2666 'lio
648 2589 715 2647 et
785 2578 1001 2645 Clinia
1071 2580 1592 2648 communicasse
1663 2587 1964 2643 narratur
1982 2598 2012 2656 ;Ι
2073 2577 2142 2642 in

152 2680 425 2841 {¹223AE
452 2676 977 2819 522⁰1n¹233m53
1011 2688 1163 2817 ἓξὲξ
1215 2688 1695 2837 ξὲῗὲἒὲἔθὲἓι,
1715 2663 2143 2815 0ῗὲᾚῖῗὲ
2192 2734 2194 2736 ’

150 2852 329 2935 {psum
380 2838 713 2906 intuentes
776 2837 1095 2937 sapientis
1154 2838 1430 2903 alicuius
1491 2839 1668 2903 senis
1714 2835 2142 2935 Atheniensis

147 2937 793 3094 ἓξὲξῖξῖῑῗῗὲἒὲ
846 2922 1558 3076 ἒῗθέῗὲἓῑῶῖέἳῗὲ
1597 2920 2144 3089 ὴὲἓώῖῗζᾶξὲἰῑὲξ

146 3089 245 3153 erit
292 3094 547 3163 silentio
594 3096 1031 3161 transmisisse
1051 3143 1070 3172 ,
1116 3118 1199 3159 ne
1242 3095 1347 3160 vel
1404 3118 1482 3161 ea
1541 3118 1580 3159 a
1629 3091 1876 3158 didisse
1918 3090 2142 3156 videa·

146 3197 283 3261 mur,
324 3204 485 3267 quae
532 3180 617 3249 ab
660 3182 809 3267 ipso
854 3181 1135 3247 Platone
1178 3201 1309 3246 non
1355 3179 1593 3246 diserte
1637 3176 1926 3241 indicata
1969 3187 2141 3243 sunt.

286 3264 420 3332 Iam
480 3290 640 3333 vero
694 3268 827 3333 ista
884 3266 1137 3348 omnia,
1195 3288 1365 3350 quae
1420 3266 1740 3331 hactenus
1801 3260 1884 3327 de
1942 3262 2144 3329 collo-

144 3353 445 3429 quentium
490 3355 792 3439 personis
838 3362 992 3419 sunt
1036 3353 1359 3437 exposita,
1402 3353 1639 3417 sicum
1665 3350 1942 3414 veritate
1985 3371 2142 3414 con-
2264 3358 2280 3368 ‘

140 3437 421 3523 sentiunt,
468 3448 647 3505 certe
706 3439 899 3503 etiam
958 3449 1190 3525 sponte
1246 3438 1648 3503 intellectum
1689 3435 1768 3499 iri
1814 3441 2141 3527 putamus,

177 3518 279 3587 uid
330 3524 411 3591 de
470 3526 599 3591 hac
641 3536 825 3611 parte
886 3534 1155 3591 ornatus
1199 3523 1443 3591 scenici
1485 3520 1988 3589 existimandum
2035 3522 2141 3587 sit.

189 3609 371 3675 tenim
427 3618 685 3677 tantum
738 3611 959 3693 abest,
1016 3619 1086 3675 ut
1143 3610 1211 3674 in
1255 3632 1333 3673 ea
1378 3607 1645 3676 absurdi
1690 3605 1848 3693 quid
1889 3617 2003 3673 aut
2047 3609 2141 3672 in-

138 3687 287 3756 ficeti
339 3700 705 3783 reperiatur
723 3744 743 3778 ‚
806 3707 879 3761 ut
934 3695 1151 3763 omnia
1211 3694 1482 3781 egregia
1540 3716 1689 3760 cum
1733 3701 1872 3757 arte
1918 3692 2143 3759 adum-

138 3772 300 3843 brata
352 3783 504 3847 sint.
605 3781 778 3847 Nam
835 3780 1014 3866 quod
1082 3787 1419 3847 oratorum
1484 3803 1696 3847 mores
1757 3788 1824 3843 et
1877 3775 2144 3867 ingenia

139 3880 253 3937 non
305 3865 750 3953 depinguntur
818 3867 1189 3934 accuratius
1205 3913 1227 3949 ,
1286 3865 1358 3932 id
1428 3876 1606 3933 certe
1661 3888 1786 3931 nec
1843 3866 1912 3929 in
1967 3863 2142 3928 fictis

138 3952 409 4027 personis
455 3952 616 4019 satis
660 3963 883 4040 aptum
924 3953 1051 4018 fuit
1091 3975 1215 4018 nec
1258 3951 1345 4017 ad
1388 3976 1525 4019 rem
1569 3952 1782 4040 ipsam
1827 3951 1959 4014 ullo
2005 3971 2144 4013 mo-

138 4027 210 4095 do
266 4038 719 4105 necessarium.
836 4038 1101 4105 Etenim
1170 4060 1516 4123 quamnam
1577 4036 1842 4105 tandem
1899 4056 1978 4100 ea
2039 4056 2144 4101 res

138 4117 461 4189 utilitatem
544 4122 778 4191 fuisset
844 4122 1193 4192 habitura?
1309 4124 1546 4209 Itaque
1634 4129 1936 4209 argutum
1996 4121 2144 4205 qui-

142 4197 266 4271 dem
304 4217 407 4276 est
448 4232 574 4277 nec
606 4216 837 4277 tamen
881 4209 1015 4277 ulla
1054 4232 1135 4275 ex
1178 4218 1363 4295 parte
1404 4231 1630 4277 verum
1650 4258 1670 4292 ,
1733 4204 1912 4290 quod
1957 4207 2146 4274 Zel-
