2857 4738
462 312 596 377 DE
644 310 1060 381 LEGfflUS
1107 272 1286 379 141ss.
1335 313 1495 376 vn..
1545 311 1617 377 P.
1668 315 1811 379 803.
1862 310 1961 380 st.
2116 318 2241 382 305

181 491 454 581 μηχανῇ·
523 496 640 557 udi
703 495 834 559 τίσι
903 493 1068 557 ποτὲ
1137 490 1414 577 τρόποις
1493 490 1803 571 ξυνόντες
1887 490 2005 557 τὸν
2088 494 2243 585 βίον
2289 492 2346 555 Β

182 587 436 675 ἄριστα
504 587 617 657 διὰ
695 592 815 657 τοῦ
865 592 1046 667 πλοῦ.
1095 589 1349 679 τούτου.
1403 594 1523 671 τ-ἦς
1564 593 1741 672 ζωῆς
1792 595 2241 679 ὃιακομισθῆ·

183 688 502 775 σόμεθα,
563 695 766 759 τοῦτο
837 702 1109 773 σκοπεῖν
1170 690 1428 777 ὀρθῶς.
1500 697 1639 758 ἔστι
1704 689 1795 773 δὴ
1854 696 2087 759 τοίνυν
2152 694 2235 759 τὰ

186 793 322 857 τῶν
367 790 772 879 ἀνθρώπων
823 791 1190 881 πράγματα
1242 794 1539 879 μεγάλης
1595 796 1717 878 μὲν
1768 797 2069 876 σπουδῆς
2118 794 2239 862 οὐκ

183 888 344 971 ἄξια
373 944 394 979 ,
455 892 838 975 ἀναγκαῖόν
905 918 978 975 γε
1043 889 1182 978 μὴν
1235 893 1633 975 σπουδάζειν
1659 916 1673 933 ·
1730 896 1938 962 τοῦτο
1990 898 2061 961 δὲ
2118 894 2238 962 οὐκ

185 993 476 1079 εὐτυχές.
530 993 756 1076 ἐπειδὴ
810 996 880 1061 δὲ
931 994 1248 1061 ἐνταῦθα’
1299 1000 1518 1080 ἐσμεν,
1570 994 1629 1061 εἴ
1679 1000 1818 1072 σ’τως
1870 993 1979 1061 διὰ
2036 1022 2237 1081 προς-

187 1209 410 1273 quidam
441 1206 732 1273 spozc'bsta.

189 1404 444 1447 cantuum
505 1397 822 1447 rationibus.
904 1396 1170 1457 Quocirca.

187 1466 307 1527 via,
359 1480 466 1530 qua
513 1464 580 1515 ad
629 1466 788 1515 finem
835 1469 1166 1531 propositum

185 1535 368 1599 possit
401 1536 690 1597 perveniri,
715 1533 904 1600 utique
927 1539 1031 1587 iam
1054 1554 1168 1587 mu-

189 1606 309 1655 nita
345 1612 454 1664 est3
493 1620 812 1669 quamquam
865 1607 972 1660 alia
1007 1610 1170 1658 etiam

189 1674 514 1739 prudentia,
553 1676 818 1737 sapientia
854 1684 907 1724 et
939 1670 1166 1725 consilio

189 1758 398 1803 eorum,
423 1744 516 1806 qui
542 1744 809 1794 civitatem
853 1746 1172 1809 gubernant,

193 1828 294 1876 pro
332 1827 509 1860 rerum
547 1813 864 1879 condicione
903 1822 1060 1865 erunt
1092 1818 1173 1864 in-

190 1882 530 1962 vestiganda.
585 1884 767 1946 Atque
789 1886 948 1935 etiam
971 1884 1173 1933 alumni

191 1953 364 2001 nostri
407 1952 475 1999 iis
503 1950 697 1999 facile
683 1968 788 2001 iam
813 1955 1170 2017 acquiescent,

190 2036 330 2083 quae
343 2022 580 2069 breviter
596 2022 989 2086 descripsimus,
1002 2037 1171 2085 quan-

192 2091 484 2163 ‹loquidem
533 2091 642 2139 alia
693 2106 904 2156 quoque
957 2093 1178 2155 genium.

191 2174 460 2222 quemque
539 2173 693 2207 suum
771 2168 930 2225 atque
1013 2162 1170 2209 deum

140 2230 366 2293 -dipsum
419 2228 484 2276 de
535 2230 830 2280 sacrifieiis
860 2239 912 2279 et
961 2230 1171 2281 choreis

191 2310 338 2349 esse
373 2298 690 2361 edocturum
755 2312 972 2363 sperare
1001 2301 1170 2365 licet,

193 2369 394 2433 quippe
432 2384 592 2431 quum
631 2368 734 2431 ipsi
773 2385 1018 2433 magnam
1048 2381 1168 2434 par·

189 2445 295 2488 tem
330 2437 450 2486 ludi
487 2439 596 2486 sint
633 2439 853 2489 deorum
889 2443 1169 2503 et—verita·

190 2509 260 2556 tis
295 2521 490 2570 parum
527 2509 833 2572 participes.
891 2511 1040 2560 Haec
1077 2523 1168 2559 au-

190 2586 297 2626 tem
347 2578 496 2640 quod
536 2576 614 2626 ita
649 2577 1032 2640 iudicavimus,
1073 2595 1168 2632 no·-

188 2647 284 2694 lite
304 2647 509 2706 mirari,
534 2647 691 2696 deum
713 2649 851 2697 enim
877 2651 1166 2712 respiciens

189 2731 258 2765 eo
298 2715 562 2765 deductus
602 2731 736 2778 sum,
765 2725 836 2766 nt
869 2733 1004 2782 quae
1043 2733 1166 2782 pro-

189 2785 311 2844 tuli,
332 2785 478 2836 haud
507 2793 820 2836 cunctanter
853 2787 1166 2851 proferrem.

191 2855 329 2904 Esto
365 2856 554 2916 igitur,
593 2857 639 2905 si
677 2857 754 2906 ita
791 2857 1168 2920 vulti8‚‚genus

189 2929 434 2974 nostrum
471 2939 581 2972 ιιοιι
615 2925 750 2976 adeo
775 2926 900 2989 vile,
925 2928 1018 2975 sed
1057 2933 1167 2976 stn-

190 2995 280 3042 dio
319 2994 560 3056 quodam
597 2992 875 3058 dignum.“
921 2995 1040 3046 Hoc
1068 2997 1168 3059 igi-

188 3071 278 3112 tur
315 3069 400 3112 est
435 3063 542 3112 loci
592 3071 986 3127 argumentum,
1025 3067 1170 3129 quod

197 3133 286 3196 qui
327 3133 812 3182 consideraverint·
829 3136 1010 3197 paullo
1049 3135 1170 3184 dili-

192 3203 439 3268 gentiae,
493 3203 532 3250 ii
577 3203 960 3265 perfunctiari'a
1005 3219 1172 3267 opera

187 3271 323 3320 illud
375 3276 660 3320 tractatum
715 3288 833 3323 esse
892 3273 1169 3323 nobiscum

191 3347 428 3390 statuere
475 3343 786 3405 neutiquam
833 3341 1168 3392 dubitabunt.

190 3411 268 3459 At
310 3409 567 3460 nimirum
613 3409 786 3460 defuit
843 3411 968 3460 huic
1021 3411 1169 3476 operi

191 3481 380 3542 utique
409 3479 596 3529 ultima
613 3495 820 3544 manuS,
834 3497 968 3546 quae
993 3483 1173 3531 omnia

192 3556 350 3613 atque
399 3549 616 3612 singula
651 3551 880 3614 denique
917 3553 1170 3617 expleret,

192 3625 617 3681 consummaret,
665 3620 971 3684 perpoliret.
1043 3619 1172 3670 Post
1217 3671 1220 3676 ,

195 3682 332 3750 mov,
355 3689 506 3752 quod
542 3695 624 3738 est
659 3690 894 3751 sicuti,
931 3691 1169 3751 veluti,

191 3756 581 3821 Stephanus
645 3773 754 3808 ιιοιι
820 3725 1048 3808 de'bebat
1115 3755 1172 3806 δέ

189 3827 411 3876 inferre.
1036 3863 1056 3882 ,

259 3893 334 3944 τὰ
386 3893 734 3957 τροπιδεῖα
795 3891 1170 3959 ὑπογράφε-

195 3961 326 4030 ται]
369 3962 463 4016 Sic
499 3965 656 4016 codd.
678 3965 864 4030 optimi
889 3981 988 4029 pro
1025 3967 1170 4028 vulg.

195 4031 452 4097 τροπίδια.
547 4033 845 4100 Utrumque
916 4041 1018 4083 est:
1091 4035 1170 4084 ad

197 4105 483 4154 carinam
537 4101 772 4170 (τρόπιν)
827 4104 1066 4152 idonea
1126 4117 1168 4154 s.

193 4174 628 4238 pertinentiae.
718 4173 996 4223 Alluditur
1039 4187 1170 4222 vero

194 4245 260 4293 ad
313 4239 448 4292 τοὺς
505 4241 610 4290 τῶν
674 4243 856 4305 ψυχῶν
921 4237 1168 4306 τρόπους,

259 4328 403 4379 Plat.
444 4326 584 4391 Opp.
627 4329 752 4380 vol.
787 4328 850 4378 Χ.
891 4329 1030 4379 Sect.
1067 4329 1139 4377 H.

1270 1400 1416 1463 quod
1452 1398 1773 1447 observasse
1806 1404 1949 1448 certe
1994 1410 2105 1447 non
2142 1398 2245 1455 exit

1269 1482 1739 1531 supervacaneum.
1787 1465 1997 1515 Deinde
2020 1479 2240 1528 magno·

1269 1551 1398 1601 pere
1428 1538 1643 1586 laborat
1676 1535 1962 1587 verborum
2000 1542 2239 1584 constru-

1269 1608 1394 1657 ctio.
1466 1604 1618 1665 Quae
1653 1612 1713 1653 ut
1748 1605 1875 1655 sibi
1889 1611 2117 1666 constet,
2144 1604 2239 1655 eii-

1273 1676 1517 1725 ciendum
1564 1682 1644 1725 est
1689 1672 1844 1738 δρᾶν,
1881 1674 2024 1737 quod
2078 1675 2239 1723 inter·

1270 1746 1503 1828 positum
1523 1746 1739 1799 videtur
1755 1744 1823 1793 ab
1844 1744 2025 1805 aliquo
2044 1743 2234 1804 sciolo,

1273 1816 1364 1878 qui
1405 1806 1595 1862 ταυτὸν
1635 1810 1699 1877 δὴ
1736 1829 1845 1863 ιιοιι
1884 1812 2089 1862 videret
2125 1828 2241 1862 esse

1269 1884 1551 1948 pariter,
1587 1884 1813 1935 eodem
1858 1882 2065 1933 modo.
2124 1882 2237 1930 Eli-

1271 1955 1473 2009 minato
1512 1966 1638 2001 vero
1676 1952 1944 2001 infinitivo
1986 1953 2093 2001 isto
2130 1965 2241 2003 om-

1269 2024 1362 2071 nia
1407 2024 1693 2071 decurrunt
1743 2020 2030 2069 lenissime.
2101 2019 2241 2069 Nam

1270 2097 1395 2155 post
1440 2088 1607 2139 ὅντως
1653 2083 1827 2137 αὐτῶν
1872 2085 1931 2136 τὰ
1979 2085 2240 2154 τροπιδεῖα

1273 2160 1467 2209 deinde
1503 2174 1599 2223 per
1630 2159 1951 2223 epexegesin
1992 2158 2238 2207 additur:

1272 2231 1399 2294 ποίᾳ
1454 2228 1651 2291 μηχανῇ
1696 2253 1766 2263 --
1817 2226 1975 2275 τοῦτο
2029 2230 2242 2275 σκοπεῖν

1275 2292 1475 2362 ὀρθῶς,
1502 2299 1557 2347 id
1596 2297 1739 2361 quod
1776 2311 1923 2345 more
1959 2295 2071 2346 fere
2110 2310 2233 2345 con·

1269 2371 1432 2418 stanti
1466 2368 1525 2418 fit
1559 2369 1675 2417 vvsiue
1714 2364 2105 2416 coniunctionis
2142 2364 2238 2414 ali-

1269 2441 1420 2488 cuius
1458 2437 1782 2487 accessione.
1856 2437 2029 2486 Aliam
2074 2435 2235 2484 ratio·

1269 2523 1388 2562 nem
1444 2507 1569 2556 iniit
1622 2507 1889 2567 AstiuS,
1951 2506 2044 2569 qui
2111 2510 2235 2554 ante

1269 2573 1541 2628 ἅντως-
1578 2572 1996 2640 καταβάλλεσθαι
2039 2575 2234 2625 intelli·

1271 2649 1352 2712 git
1413 2647 1711 2708 scilicet,
1784 2653 1836 2694 et
1890 2644 1961 2694 ad
2024 2648 2236 2693 σκοπεῖν

1269 2719 1484 2781 supplet
1533 2711 1688 2773 dicte,
1748 2715 1853 2766 hoc
1918 2730 2107 2764 sensu·
2179 2722 2237 2760 ut

1271 2793 1791 2868 perscrutemur,
1842 2785 2001 2850 ποίᾳ
2043 2782 2239 2848 μηχαιῇ

1273 2885 1336 2896 --
1361 2851 1907 2918 διακομισθησόμεθα.
1954 2852 2110 2911 Quod
2150 2869 2238 2901 ve-

1273 2941 1398 2976 reor
1448 2932 1795 3005 magnopere
1832 2929 1891 2971 ut
1934 2931 2078 2973 recte
2125 2921 2239 2971 fieri

1272 2997 1461 3060 possit.
1551 2994 1691 3044 Nam
1751 2988 1880 3041 mete
1932 3006 2042 3041 non
2099 2991 2239 3039 idem

1269 3073 1352 3115 est
1387 3063 1580 3130 quod*
1552 3080 1637 3112 tva
1662 3063 1745 3112 vel
1770 3057 1935 3119 οπως,
1952 3061 2043 3110 sed
2082 3073 2237 3108 even·

1269 3143 1380 3184 tum
1415 3135 1500 3182 vel
1538 3132 1975 3196 consequentiam
2012 3129 2239 3187 indicat3

1269 3205 1325 3254 id
1378 3203 1525 3268 quod
1572 3201 1637 3252 ab
1685 3203 1790 3251 hoe
1836 3201 1956 3250 Loco
2006 3198 2237 3248 alienum

1272 3281 1368 3323 est.
1444 3271 1688 3321 Ceterum
1728 3270 1793 3318 de
1830 3271 1937 3318 vita
1986 3283 2103 3318 cum
2143 3283 2237 3316 na-

1269 3343 1546 3405 vigatione
1582 3346 1888 3404 comparata
1909 3355 1959 3390 v.
1984 3339 2052 3388 ad
2074 3334 2239 3387 Phae-

1251 3413 1398 3470 don.
1437 3427 1489 3494 p.
1528 3408 1615 3462 85.
1642 3407 1713 3457 D.
1754 3409 1843 3456 ubi
1882 3413 1965 3457 est
2001 3405 2237 3456 διαπλεῦ-

1272 3495 1358 3536 σαι
1397 3497 1490 3528 τον
1525 3477 1667 3540 sse'oit.

1339 3549 1405 3599 B.
1448 3547 1636 3598 τοῦτο
1676 3543 1741 3595 δὲ
1782 3541 1897 3596 οὐκ
1934 3543 2239 3610 εὐτυχέα]

1270 3619 1342 3669 Η.
1387 3635 1436 3668 e.
1494 3611 1699 3680 ἀτυχές,
1752 3630 2241 3672 aerumnosum.

1271 3689 1762 3748 calamitosum3
1833 3683 1903 3735 vs
1948 3687 2241 3752 Wytt'erff

1272 3759 1457 3812 bach.
1502 3759 1571 3808 ad
1624 3755 1895 3808 Plutarch.
1942 3755 2136 3805 Moral.
2186 3769 2240 3818 p.

1269 3828 1355 3881 97.
1386 3830 1466 3877 -.A
1506 3827 1800 3879 Comment.
1850 3843 1899 3892 p.
1943 3823 2237 3878 660=529.

1273 3898 1357 3948 ed.
1430 3897 1578 3960 Lips.
1682 3897 1965 3947 Simillima
2034 3893 2263 3952 aelmon

1273 3976 1384 4026 est,
1432 3983 1537 4031 qua
1580 3962 1845 4030 ἀνωφελές
1886 3969 1939 4010 et
1986 3959 2241 4024 ἄχρηστόν

1276 4037 1471 4086 dicitur
1519 4053 1616 4100 pro
1653 4037 1949 4092 noxium,
1986 4032 2240 4080 damno-

1275 4121 1434 4164 sum,
1478 4107 1543 4155 de
1587 4122 1692 4170 qua
1741 4100 1997 4166 loquendi
2034 4099 2241 4148 ratione

1273 4175 1417 4224 conf.
1456 4173 1671 4224 Clark.
1716 4173 1784 4222 ad
1823 4171 2041 4220 Homer.
2084 4169 2241 4226 Iliad.

1273 4244 1338 4294 ll.
1372 4243 1497 4295 269.
1539 4241 1906 4292 casaubon.
1952 4241 2018 4292 ad
2062 4241 2247 4304 Polyb

1758 4327 1841 4390 20
