2857 4738
578 329 754 399 XIV
1239 327 1901 396 PROLEGOMEN
1920 334 1975 394 A

583 512 660 566 ut
715 499 800 564 ad
861 494 1065 582 artem
1129 498 1628 584 compositionis
1687 500 1756 563 in
1806 500 1889 562 iis
1933 509 2313 583 regnantem
2360 499 2636 586 diligen-—

584 598 684 650 ter
745 585 1030 648 animum
1090 582 1530 648 advertamus.
1637 583 1747 648 Ad
1824 607 2019 668 quam
2094 584 2357 667 quidem
2430 594 2637 648 artem

583 671 902 757 imprimi-s
949 669 1145 734 etiam
1190 668 1318 733 hoc
1361 669 1684 754 pertinet,
1734 669 1909 752 quod
1958 669 2429 756 philosopbuS,
2490 681 2637 734 tan-

586 779 782 841 quam
839 757 1038 840 poeta
1093 753 1334 838 aliquis
1393 754 1733 838 scenicuS,
1804 777 2003 839 quum
2046 754 2389 820 institutae
2434 777 2637 839 quae·-

586 842 784 907 stioni
857 840 1206 926 plurimum
1277 839 1615 904 varietatis
1686 840 2043 905 conciliare
2118 839 2418 920 studeat,
2494 849 2639 904 tum

584 926 860 992 eandem
903 935 1058 1011 post
1099 924 1463 1011 longiorem
1512 947 1713 1011 saepe
1741 925 2086 990 circuitum
2133 924 2217 989 ad
2261 925 2333 989 id
2380 924 2637 1012 dirigit,

587 1011 766 1097 quod
821 1011 951 1097 ipsi
1009 1021 1114 1075 est
1169 1011 1607 1096 propositum.
1675 1010 1979 1096 'Quippe
2040 1012 2303 1096 quaerit
2332 1011 2446 1075 ille
2490 1009 2639 1076 lau-

587 1098 734 1164 dem
799 1096 1133 1160 varietatis
1213 1096 1348 1160 fere
1409 1094 1513 1160 his
1586 1095 1969 1161 rationibus.
2034 1155 2037 1158 .
2092 1096 2385 1160 Primum
2464 1096 2641 1161 enim

587 1181 1138 1268 quemadmodum
1218 1181 1286 1246 in
1355 1181 1593 1246 fabulis
1678 1181 1959 1248 scenicis
2030 1204 2179 1246 cum
2241 1193 2431 1266 parte
2504 1181 2639 1268 pri-

585 1268 790 1333 maria
845 1268 1042 1332 etiam
1097 1276 1322 1352 partes
1367 1265 1797 1332 secundariae
1840 1267 2343 1351 consociantur,
2389 1267 2486 1331 ita
2528 1266 2641 1332 ille

587 1355 784 1419 etiam
829 1352 900 1417 in
941 1351 1502 1438 disputationibus
1552 1352 1689 1418 suis
1723 1375 1871 1418 cum
1902 1353 2289 1438 quaestione
2322 1353 2639 1438 primaria

586 1439 946 1504 arctissime
975 1440 1113 1502 fere
1143 1439 1334 1502 aliam
1349 1438 1749 1522 coniungere
1770 1438 1939 1504 solet
1964 1437 2442 1522 quaestionem,
2466 1459 2643 1522 quae

586 1527 683 1590 illi
737 1535 974 1588 natura
1033 1545 1154 1589 sua
1217 1531 1505 1622 cognata
1552 1525 1671 1611 sit.
1778 1522 1981 1606 Quod
2038 1523 2305 1608 quidem
2349 1523 2643 1609 plerum-

590 1633 720 1694 que
764 1610 858 1673 ita
904 1609 988 1673 ab
1047 1631 1126 1673 eo
1172 1609 1547 1672 instit-utum
1594 1607 1915 1691 videmus,
1960 1619 2036 1674 ut
2082 1609 2291 1674 altera
2334 1609 2645 1692 quaestio

588 1703 888 1761 versetur
941 1693 1010 1758 in
1065 1693 1264 1774 rebus
1323 1693 1410 1757 ad
1455 1693 1915 1779 philosophiae
1962 1693 2391 1759 subtilitatem
2480 1694 2643 1758 erti-

588 1780 938 1866 nentibus,
970 1780 1206 1844 altera
1261 1788 1589 1864 occupata
1644 1779 1731 1846 sit
1791 1779 1863 1844 in
1919 1777 2233 1846 rimandis
2290 1801 2369 1844 ac
2459 1779 2641 1844 iscu-

586 1863 832 1933 tiendis
892 1865 976 1929 iis
995 1911 1014 1946 ,
1081 1887 1252 1948 quae
1307 1863 1394 1928 ad
1450 1865 1653 1928 vitam
1722 1865 1963 1930 civium
2038 1887 2484 1947 communem,
2548 1863 2643 1929 ad

587 1951 921 2018 hominum
979 1971 1194 2017 mores
1251 1959 1336 2015 et·
1375 1949 1678 2036 ingenia,
1740 1949 1831 2014 ad.
1866 1951 2238 2036 aequalium
2279 1949 2525 2016 iudicia
2570 1960 2647 2014 et

589 2035 971 2122 opinioneS,
1037 2035 1433 2120 pertineant.
1525 2033 1860 2115 Quocirca
1902 2036 2109 2101 altera
2153 2036 2452 2120 quaestio
2496 2035 2644 2100 fere

577 2124 868 2188 refertur
925 2128 1243 2205 tanquam
1301 2121 1659 2185 introrsum
1718 2119 1803 2184 ad
1861 2141 1967 2186 res
2009 2122 2079 2187 in
2117 2121 2353 2186 mentis
2392 2117 2641 2186 iutelli-

589 2207 814 2296 gentia
869 2206 1157 2292 positas,
1233 2205 1445 2270 altera
1498 2205 1887 2292 plerumque
1958 2207 2173 2272 tendit
2224 2205 2313 2272 ad
2379 2205 2639 2290 aliquid

587 2293 998 2360 extrinsecus
1055 2292 1386 2358 obiectum
1401 2329 1428 2374 ‚·
1482 2291 1903 2377 pertinetque
1970 2291 2055 2356 ad
2126 2315 2231 2365 res
2302 2299 2635 2373 externae,

520 2398 528 2405 ⁸
589 2402 760 2467 quae
821 2377 1090 2463 quidem
1145 2401 1294 2444 cum
1337 2376 1797 2465 philosophiae
1842 2378 2207 2445 rationibus
2249 2378 2473 2466 aliqua
2514 2398 2635 2443 ne·-

587 2463 986 2531 cessitudine
1015 2484 1018 2489 ·
1044 2463 1180 2527 sint
1234 2463 1601 2549 copulatae.
1708 2464 1815 2528 Ita
1867 2465 1937 2528 in
1992 2463 2177 2530 libris
2230 2464 2339 2529 De
2410 2463 2635 2549 Repu·-

587 2551 763 2616 blica
821 2548 1125 2629 quaestio
1171 2546 1254 2611 de
1299 2547 1555 2613 iustitia
1597 2549 2135 2615 coniunctissima
2191 2558 2293 2614 est
2334 2571 2487 2613 cum
2530 2548 2637 2612 di·

585 2633 965 2721 sputatione
986 2684 991 2693 ,
1009 2631 1092 2696 de
1137 2632 1701 2717 praestantissima
1726 2635 2043 2719 cuiusque
2086 2634 2368 2701 hominis
2410 2632 2635 2700 indole

587 2728 658 2785 et
709 2718 960 2803 optima
1015 2718 1316 2797 civitate3
1360 2718 1431 2783 in
1479 2718 1871 2803 Phaedone,
1934 2721 2088 2785 dum
2154 2718 2501 2789 disseritur
2543 2716 2633 2785 de

587 2804 951 2870 animorum
1021 2802 1515 2869 immortalitate
1530 2850 1551 2885 ,
1627 2805 1825 2876 >simul
1896 2805 2217 2892 sapientis
2288 2803 2629 2871 morientis

585 2888 674 2955 im
764 2912 804 2967 Q
849 2887 1264 2975 deping-itum
1327 2889 1396 2954 in
1442 2888 1794 2977 Symposio
1838 2914 1973 2955 una
2016 2890 2376 2975 eademque
2420 2912 2633 2974 opera

585 2983 653 3041 et
757 2998 791 3055 e
851 2974 1090 3039 amoris
1151 2982 1390 3040 natura
1446 2974 1663 3061 agitur
1722 2985 1789 3041 et
1835 2999 2017 3043 amor
2064 2976 2205 3041 veri
2249 2974 2643 3062 philosophi*
2694 3023 2697 3025 ψ

584 3058 884 3127 Socratis
939 3059 1238 3145 exemplo
1297 3060 1697 3141 illustratur3
1756 3061 1825 3125 in
1871 3059 2142 3127 Critone
2186 3060 2342 3128 dum
2386 3058 2630 3126 Socra—

583 3155 682 3213 tes
741 3168 780 3211 a
837 3143 1107 3211 crimine
1164 3144 1278 3210 illo
1323 3144 1741 3227 defenditur,
1804 3168 1937 3230 quo
1982 3148 2253 3219 iuvenes
2294 3144 2631 3210 ferebatur

579 3231 814 3382 patriis
871 3231 932 3295 le
981 3230 1130 3297 ibus
1189 3228 1466 3296 ‘reddere
1522 3231 2018 3319 immorigerOS,
2084 3230 2277 3298 simul
2322 3230 2625 3313 docetur,

629 3338 758 3381 ouo
814 3323 883 3380 et
986 3324 1216 3381 onesto
1273 3314 1414 3383 viro
1460 3316 1529 3381 in
1574 3317 1751 3382 omni
1793 3316 1967 3383 vitae
2011 3315 2389 3383 conditione
2436 3314 2629 3381 iusti·-

582 3401 743 3465 tiam
804 3421 952 3465 esse
1012 3398 1352 3467 colendam
1410 3399 2014 3487 praestandumque
2068 3401 2456 3486 obsequium
2502 3424 2627 3486 pu·-

578 3486 774 3552 blicis
851 3485 1112 3586 legibus
1188 3485 1507 3553 debitum.
1630 3485 1807 3554 Sunt
1876 3496 2096 3553 autem
2198 3484 2629 3571 quaestiones

577 3570 771 3651 illae,
839 3571 1078 3656 quibus
1143 3570 1421 3637 subinde
1467 3572 1663 3637 etiam
1722 3573 1891 3639 aliae
1938 3572 2301 3653 accedunt,
2349 3570 2485 3637 fere
2530 3571 2630 3637 ita
2718 3612 2731 3622 ·
2828 3556 2833 3583 ⁴

577 3656 748 3721 inter
803 3678 876 3721 se
933 3657 1200 3721 iunctae
1257 3666 1323 3721 et
1380 3678 1768 3741 connexae,¹
1825 3667 1900 3723 ut
1954 3659 2127 3724 inter
2184 3658 2369 3741 ipsas
2432 3658 2628 3739 quasi

577 3749 832 3807 certare
889 3751 958 3807 et
997 3740 1418 3823 'contendere
1479 3740 1845 3807 videantur.
1950 3742 2085 3824 Qui
2146 3751 2248 3809 est
2292 3742 2627 3807 secundus

576 3826 726 3891 fons
782 3826 1122 3893 varietatis
1177 3826 1386 3909 illius,
1450 3850 1581 3911 qua
1636 3828 1897 3911 philoso
1946 3829 2069 3893 hus
2124 3828 2431 3893 scenicus
2486 3850 2631 3893 ser-

575 3912 880 3978 monibus
944 3912 1079 3979 suis
1139 3922 1451 3995 tanquam
1524 3912 1802 3977 actionis
1922 3914 2275 3978 ramaticae
2360 3910 2629 3977 laudem

577 3991 928 4063 conciliare
958 3995 1201 4063 stud-et.
1291 3996 1555 4061 Etenim
1582 3995 1777 4061 modo
1821 3999 2181 4084 suscipitur
2225 4008 2289 4061 et
2334 3996 2633 4081 agitatur

576 4079 762 4162 haec,
805 4081 1002 4150 modo
1062 4080 1176 4144 illa
1220 4081 1639 4168 profligatur,
1688 4080 2113 4167 proceditque
2155 4102 2345 4147 omne
2392 4080 2627 4166 dispu-
