2857 4738
908 335 1031 398 DE
1079 335 1496 402 LEGIBUS
1547 347 1666 399 etc.
1973 337 2298 402 XXXIX

241 508 307 570 in
368 505 677 570 coloniae
736 503 1123 569 condendae
1186 503 1457 589 negotio
1527 506 1820 573 consiliis
1893 507 2030 572 suis
2088 530 2295 590 usque

246 590 505 656 adesse.
612 589 887 676 Quippe
949 587 1135 671 audit
1186 587 1440 654 Clinias
1503 613 1766 674 quoque
1821 592 2295 658 Atheniensem

250 687 434 742 tanto
494 672 837 741 lubentius
911 675 992 740 de
1050 675 1247 740 rebus
1304 676 1610 741 civilibus
1671 679 1870 742 verba
1925 680 2293 758 facientem,

251 762 433 848 quod
492 785 617 828 nec
687 763 817 847 ipsi
890 761 1120 846 ignota
1189 771 1289 826 est
1363 762 1867 828 Atheniensium
1911 765 2168 828 'virtus—
2219 789 2296 828 ac

250 849 601 934 sapientia.
692 847 868 914 Nam
924 870 1006 910 ex
1062 855 1199 931 quo'
1258 856 1551 933 tempore
1610 849 1782 915 inter
1826 849 2179 915 Cretenses
2225 862 2292 914 et

250 934 709 999 Athenienses
763 957 883 1020 per
942 932 1395 1018 Epimenidem
1457 935 1700 999 arctior
1755 929 2077 1020 quaedam
2129 939 2293 1000 exti-

250 1021 410 1084 terit
470 1018 895 1084 necessitudo
954 1029 1023 1082 et
1066 1020 1480 1102 coniuncti0‚
1539 1022 1782 1086 factum
1841 1043 1984 1086 esse
2027 1024 2296 1108 profite-

254 1118 403 1188 tur,
464 1122 543 1170 ut
606 1105 1045 1170 Athenienses
1103 1105 1171 1169 in
1218 1105 1359 1171 dies
1403 1107 1613 1192 magis
1661 1107 1934 1194 diligere
1979 1119 2046 1172 et
2090 1108 2294 1172 admi-

256 1194 387 1258 rari
432 1189 757 1256 didicerit.
800 1215 863 1254 v.
910 1191 1091 1256 Libr.
1155 1192 1206 1254 Ι.
1254 1216 1315 1276 p.
1362 1194 1510 1256 642.
1558 1193 1646 1258 D.
1734 1194 1921 1257 Haec
1965 1195 2170 1280 igitur
2205 1194 2293 1258 de

254 1277 519 1347 Cliniae
576 1277 843 1364 ingenio
900 1286 967 1342 et
1024 1277 1312 1342 moribus
1377 1289 1814 1363 exponuntur.
1915 1279 2103 1360 Quae
2149 1283 2296 1364 quis

251 1375 357 1430 est
402 1365 566 1450 quin
611 1365 897 1428 fateatur
934 1363 1083 1448 ipsa
1145 1385 1405 1448 quoque
1449 1364 1790 1450 aptissima·
1833 1387 1976 1430 esse
2023 1365 2104 1428 ad
2153 1369 2314 1436 uni-,

249 1473 486 1516 versae
535 1449 1005 1536 disputationis
1049 1449 1379 1515 rationes?

428 1622 683 1686 Verum
738 1619 823 1684 ad
883 1621 1043 1685 haec
1118 1619 1375 1685 accedit
1439 1622 1635 1686 etiam
1698 1619 1948 1704 aliquid
2007 1620 2289 1704 utrique,

248 1721 386 1772 tam
452 1707 708 1772 Cliniae
754 1727 950 1791 quam
992 1705 1296 1792 Megillo,
1344 1705 1726 1787 commune,
1791 1707 1972 1791 quod
1999 1706 2294 1792 diligen-

250 1795 507 1859 tissime
568 1790 1397 1874 animadvertendumest,
1461 1792 1785 1876 siquidem
1849 1793 2140 1858 futurum
2187 1795 2291 1873 sit,

248 1892 328 1945 ut
374 1879 699 1944 sermonis
744 1878 1137 1964 elegantiam
1183 1888 1361 1943 recte
1390 1879 1830 1966 percipiamus
1875 1901 2088 1962 neque
2133 1876 2292 1942 illud

250 1969 471 2053 ipsum
529 1988 649 2051 pro
709 1965 947 2030 vitioso
1020 1964 1414 2046 habeamuS,
1488 1964 1667 2048 quod
1741 1964 2186 2030 sollertissime
2257 1987 2295 2026 a

252 2052 580 2137 scriptore
634 2051 971 2115 inventum
1033 2059 1131 2116 est
1186 2060 1255 2114 et
1308 2052 1772 2136 excogitatum.
1875 2051 2048 2116 Nam
2103 2053 2293 2114 ambo

258 2139 369 2202 isti
428 2135 817 2202 Dorienses.
848 2159 1049 2220 quum
1109 2158 1325 2200 rerum
1396 2137 1808 2222 publicarum
1877 2137 2047 2201 bene
2105 2137 2292 2222 gnari

254 2226 427 2304 sint,
484 2231 705 2287 tamen
750 2221 1115 2287 disserendi
1172 2222 1488 2286 facultate
1551 2223 1688 2285 fere
1751 2229 2008 2296 carent,
2063 2230 2292 2306 utpote

260 2331 443 2374 more
500 2307 913 2395 popularium
972 2329 1235 2373 suorum
1294 2308 1507 2393 magis
1562 2307 1628 2369 in
1687 2316 1822 2371 arte
1883 2306 2296 2393 gymnastica

266 2406 339 2458 et
383 2395 553 2459 vitae
592 2396 849 2460 actione
908 2415 1103 2479 quam
1161 2394 1230 2457 in
1274 2393 1594 2459 doctrinis
1636 2391 2115 2459 liberalioribus
2175 2392 2294 2477 im-

264 2480 613 2568 primisque
662 2480 1118 2567 philosophiae
1164 2478 1399 2552 studiis
1445 2478 1807 2543 exercitati.
1867 2503 1928 2541 v.
1978 2477 2159 2542 Libr.
2207 2478 2292 2543 11.

308 2616 325 2631 .
370 2567 511 2631 673.
558 2568 680 2633 VI.
727 2590 790 2651 p.
860 2568 1003 2631 769.
1052 2566 1201 2630 coll.
1249 2566 1432 2630 Libr.
1482 2564 1536 2629 I.
1585 2590 1647 2651 p.
1699 2567 1844 2629 639.
1891 2564 1975 2632 D.
2021 2564 2102 2627 E.
2149 2567 2292 2627 644.

257 2592 347 2718 Ι).
409 2652 538 2717 ΙΙΙ.
584 2676 647 2737 p.
705 2654 861 2717 680.
899 2651 976 2716 C.
1024 2650 1153 2715 VI.
1195 2654 1339 2717 769.
1381 2653 1460 2719 B.
1509 2652 1668 2715 VII.
1717 2674 1782 2737 p.
1829 2652 1976 2716 805.
2031 2651 2102 2713 Β.
2151 2652 2292 2717 818.

256 2741 338 2805 Ε.
402 2739 493 2802 X.
548 2763 617 2823 p.
676 2740 822 2803 886.
882 2739 962 2802 B.
1022 2740 1169 2803 893.
1234 2742 1321 2802 A.
1380 2737 1655 2824 XILp.
1703 2739 1845 2802 962.
1895 2735 1970 2801 C.
2019 2740 2164 2799 965.
2213 2735 2290 2799 C.

254 2824 595 2907 Quocirca
668 2822 765 2888 illi
835 2823 1305 2911 propemodum
1381 2824 1543 2889 nihil
1619 2821 1796 2887 aliud
1867 2824 1936 2887 in
2009 2820 2290 2887 medium

254 2911 544 2977 afferunt
598 2932 793 2993 quam
854 2909 1035 2993 quod
1089 2910 1365 2973 refertur
1410 2910 1494 2973 ad
1537 2932 1674 2975 rem
1718 2908 2046 2995 publicam
2094 2918 2161 2971 et
2203 2910 2293 2973 ci-

255 2998 486 3062 vitatis
544 3018 702 3063 suae
759 2996 1097 3073 instituta3
1156 2994 1239 3058 de
1294 2998 1530 3073 ceteris
1591 2997 1726 3059 fere
1778 2995 1962 3059 taciti
2017 2994 2294 3057 audiunt.

254 3106 429 3169 quae
501 3081 925 3147 Atheniensi-s
997 3082 1294 3167 longiore
1366 3104 1562 3167 saepe
1621 3090 1689 3144 et
1745 3080 2114 3164 copiosiore
2157 3100 2292 3143 ser-

254 3191 451 3234 mone
512 3168 817 3253 explicat.
916 3168 1065 3232 Hac
1121 3168 1270 3252 ipsa
1314 3177 1535 3232 autem
1579 3189 1648 3229 re
1695 3163 1875 3247 quod
1919 3166 2290 3229 necessario

256 3254 581 3335 efficitur,
636 3262 715 3317 ut
768 3275 980 3317 sermo
1038 3253 1252 3318 minus
1295 3253 1535 3319 habeat
1573 3260 1798 3338 gratae
1835 3248 2291 3335 iucundaeque

254 3339 640 3420 varietatis,
708 3338 779 3402 id
846 3360 1241 3424 magnopere
1312 3336 1676 3404 cavendum
1751 3345 1852 3401 est
1907 3356 1989 3399 ne
2047 3346 2290 3401 temere

258 3449 379 3513 pro
440 3425 719 3489 inertiae
773 3434 1157 3511 argumento
1215 3424 1592 3491 habeamus
1683 3423 1858 3507 Nam
1903 3444 1972 3485 re
2000 3422 2292 3511 diligen·-

256 3513 391 3576 tius
449 3506 873 3575 considerata
928 3508 1107 3575 istud
1153 3511 1367 3595 ipsum
1413 3530 1674 3596 quoque
1721 3508 1910 3573 facile
1953 3510 2294 3594 apparebit

257 3618 403 3663 esse
458 3594 814 3677 eiusmodi,
874 3606 949 3659 ut
991 3596 1296 3661 universo
1342 3595 1624 3673 sermoni
1669 3594 1864 3680 longe
1909 3594 1996 3657 sit
2038 3618 2292 3661 accome

258 3683 799 3749 modatissimum.
906 3680 1131 3762 Quum
1190 3683 1359 3747 enim
1408 3683 1476 3746 in
1523 3680 1628 3745 his
1674 3680 1858 3746 libris
1910 3680 2044 3744 fere
2089 3704 2290 3764 expo-

258 3787 456 3835 natur
516 3768 597 3833 de
642 3768 725 3832 iis
770 3768 999 3849 rebus,
1064 3791 1231 3852 quae
1276 3790 1407 3834 non
1453 3778 1588 3839 tam
1633 3765 1998 3854 disserendi
2042 3765 2292 3831 subtili-

256 3866 501 3935 tatem,
567 3876 761 3938 quam
825 3852 1193 3938 explicandi
1264 3866 1331 3919 et
1388 3852 1732 3918 enarrandi
1793 3851 2168 3934 facultatem
2229 3863 2294 3916 et

257 3940 619 4007 sollertiam
672 3939 1049 4023 requirunt,
1102 3940 1434 4023 sapienter
1488 3939 1796 4026 profecto·
1843 3936 2032 3999 Plato
2092 3936 2292 4001 collo-

256 4028 605 4113 quentium
643 4046 963 4111 personas
1020 4026 1208 4089 finxit
1250 4050 1384 4109 eas,
1431 4024 1600 4111 quae
1645 4023 1798 4088 huic
1839 4020 2076 4084 rationi
2121 4024 2291 4107 opti-

256 4137 363 4178 me
426 4112 825 4177 inservirent
884 4133 961 4177 ac
1024 4110 1123 4173 vel
1188 4113 1473 4183 moribus
1534 4121 1601 4174 et
1647 4105 1922 4194 ingeniis
1967 4106 2104 4171 suis
2152 4132 2294 4173 eam

254 4206 725 4265 sustentarent.
758 4244 769 4255 .
