2857 4738
814 294 1076 416 mm
1132 341 1496 426 QUINTI„
1571 439 1576 446 ·
1903 319 1908 327 ”
2047 387 2054 392 .
2135 356 2172 432 3

134 535 271 596 non
296 516 471 596 auri,
520 513 643 580 sed
666 513 1103 580 verecundiae
1147 516 1249 582 vis
1279 539 1484 602 quam*
1519 520 1798 586 maxima
1839 500 2168 610 tamquam

139 599 477 669 hereditas
584 597 1017 686 relinquenda
1118 612 1238 666 est.
1276 631 1294 644 ν
1366 603 1556 685 Quae
1638 605 1898 690 quidem
1971 616 2191 678 'vere-³

144 685 395 754 cundia„
441 687 533 761 iis,
581 694 729 752 non'
774 697 911 768 tam
956 697 1375 774 comparatur
1414 689 1644 754 crebra
1687 691 2192 782 adhortatione,··.

144 795 334 856 quam
400 771 851 858 exemplorum
922 772 1267 842 honestate
1320 783 1534 860 ,atque
1607 777 1928 846 castitate.
2041 783 2216 856 Est'

140 859 309 934 enim
372 858 539 923 haee
598 859 957 944 optimaet
997 857 1371 926 iuventutis
1396 871 1466 926 et
1519 884 1674 928 vero
1733 865 1928 930 etiam
1983 883 2168 934 sene-

134 941 341 1008 ctutis
392 944 769 1031 disciplina,
817 954 893 1008 ut
912 967 1043 1010 non
1089 954 1345 1014 tantum
1391 946 1632 1012 dentur
1676 949 1936 1018 virtutis
1981 977 2168 1040 prae-

132 1045 356 1114 cepta,
406 1029 527 1095 sed
582 1029 779 1096 etiain
812 1030 1115 1124 exempla
1168 1031 1460 1101 eiusdem
1515 1033 1875 1112 obsoculos
1919 1062 2169 1126 ponan-

135 1129 247 1180 tur
308 1118 410 1201 (ρῖ.
478 1119 624 1182 7⁶28.
666 1115 749 1181 D⁶
796 1119 1074 1188 -7291
1135 1116 1399 1202 Ostia).
1447 1173 1451 1178 .
1503 1119 1632 1186 His
1689 1121 1781 1186 ita-
1826 1125 2168 1215 explicatis

137 1201 572 1276 Atheniensis
642 1201 835 1266 etiam
891 1202 1058 1268 haec
1085 1203 1331 1268 «addit.
1450 1203 1586 1287 Qui
1655 1203 1917 1294 ge‘ntem
1978 1221 2213 1280 ‘suam‘

138 1311 505 1372 omnesque
549 1301 687 1370 eos,
735 1288 847 1372 qui
904 1288 988 1353 ad
1028 1288 1206 1353 illam
1246 1289 1630 1377 pertinent,
1691 1297 2174 1366 verecundatur
2241 1331 2260 1368 ς

142 1375 445 1458 itemque
490 1372 651 1440 deos
708 1374 1119 1461 gentilicioe,
1184 1375 1243 1439 ei
1292 1391 1580 1462 'sperare
1650 1377 1808 1443 licet
1877 1382 2169 1450 futurum

139 1483 306 1542 esse,
356 1470 434 1524 ut
478 1459 573 1524 dii
614 1460 931 1546 gentilicii
968 1461 1175 1525 etiam·
1215 1462 1387 1546 proli
1443 1484 1604 1528 suae
1659 1465 1860 1530 fausti
1917 1468 2049 1534 sint
2092 1493 2170 1535 ac

135 1546 433 1633 propitii.
536 1545 856 1629 Idemque
914 1547 1110 1610 etiam
1169 1549 1526 1613 amicorum
1589 1559 1656 1613 et
1714 1551 2037 1620 sodalium
2101 1559 2208 1629 in=¹

133 1633 315 1697 vitae
360 1631 844 1701 consuetudine
888 1633 1263 1719 experietur
1310 1634 1828 1714 benevolentiam
1874 1649 1942 1704 et
1983 1642 2168 1708 favo-'

130 1742 313 1796 rem,
360 1719 420 1782 si
466 1717 694 1782 officia
738 1718 995 1782 illorum
1040 1721 1197 1806 e'rga
1232 1730 1311 1784 'se
1352 1719 1652 1806 plurimi,
1685 1733 1806 1788 s'ua
1847 1725 2056 1812 ipsius
2099 1729 2167 1793 in

135 1805 315 1869 illos·
347 1805 606 1868 minimi
662 1803 880 1869 faciat.
979 1804 1187 1876 Borro
1254 1805 1335 1870 de
1380 1808 1720 1892 republica
1766 1818 1964 1894 atque
2009 1813 2169 1880 civi-

134 1891 261 1956 bus
306 1891 451 1956 suis
512 1889 753 1976 optime
780 1919 783 1925 ·
809 1891 1200 1974 merebit-ur,
1259 1893 1371 1976 qui
1420 1890 1681 1978 patriae
1739 1895 1994 1984 legibus
2050 1923 2166 1987 pa·
2253 1925 2263 1930 ·

128 1978 348 2042 ruisse
391 1976 603 2042 maius
648 1974 955 2060 quiddam
1000 1999 1145 2058 esse
1190 1977 1317 2043 sibi
1360 1981 1798 2065 persuaserit,
1861 2005 2056 2068 quam
2097 1988 2168 2052 in

130 2061 310 2128 ludis
372 2060 745 2150 Olympicis
802 2071 918 2126 aut
984 2062 1130 2128 aliis
1200 2064 1664 2132 certaminibus
1731 2072 2171 2153 reportavisse

140 2149 505 2212 victoriam.
602 2147 949 2218 Praeterea
1004 2149 1077 2212 in
1130 2147 1423 2234 hospites
1483 2151 1696 2236 pietas
1749 2154 2024 2220 colenda
2067 2168 2171 2224 est

139 2233 585 2312 sanctissime3
643 2234 712 2298 in
758 2256 926 2318 quos
984 2235 1211 2318 siqua
1253 2234 1638 2300 admittatur
1695 2237 1962 2324 iniuria,
2027 2265 2168 2308 eam

140 2341 359 2405 quum
400 2319 511 2383 alii
561 2319 676 2404 dii,
736 2329 877 2385 tum
922 2319 1181 2408 Iupiter
1222 2319 1570 2406 hospitalis
1609 2323 1896 2408 graviter
1934 2327 2168 2413 pun'ire

142 2406 347 2481 solen
451 2405 718 2471 Nullum
778 2408 995 2479 autem
1062 2406 1410 2491 capitalius
1473 2408 1714 2479 crime-n
1774 2414 1936 2492 est,
1971 2435 2174 2497 quam·

144 2490 335 2577 quod
378 2488 448 2555 in
488 2492 811 2580 supplices
856 2494 1300 2580 committitur.
1410 2492 1594 2557 Nam
1641 2492 1806 2567 deus
1861 2498 2004 2582 ille,
2051 2488 2170 2586 per

146 2600 343 2663 quem
400 2580 675 2666 supplex
732 2580 880 2668 quis
934 2580 1241 2665 ‘aliquem‘
1272 2579 1658 2653 obtestatus·
1694 2580 1906 2653 fuerit,
1939 2594 2006 2649 et
2049 2588 2166 2665 ob-

138 2664 523 2748 secr-averit,
570 2665 763 2730 etiam
806 2666 945 2731 eins
990 2684 1210 2731 curam
1240 2673 1431 2753 geret
1473 2662 1852 2752 illatamque
1897 2671 2026 2757 ipsi
2069 2673 2166 2739 in-
2207 2677 2216 2686 '

138 2752 377 2818 iuriam
418 2750 775 2836 ulciscetur
822 2752 916 2848 (p.
966 2754 1109 2818 7⁶29.
1157 2751 1232 2816 C.
1262 2790 1358 2812 ¹——
1409 2743 1555 2819 730.
1601 2754 1756 2839 A.).·
1943 2829 1949 2838 ,
2082 2799 2090 2813 ›
2281 2832 2296 2838 ,

313 2841 543 2921 Atque
599 2836 763 2911 haec
828 2837 1091 2923 quidem
1128 2846 1289 2902 ‘sunt
1328 2838 1697 2923 prooemia,
1743 2841 1978 2926 partim
2023 2843 2166 2909 lon-

136 2923 329 3010 giora
376 2921 615 3007 partim
659 2918 963 2991 breviora
1002 2923 1137 3005 illa,
1185 2946 1365 3008 qnae¹
1396 2922 1480 2989 de
1509 2923 1820 2991 ·deorum·'
1835 2928 2039 3011 cultu,
2087 2929 2170 2996 de

136 3030 307 3074 cura
324 3018 697 3095 parentum,
730 3008 813 3073 de
858 3010 1055 3073 animi
1098 3008 1491 3093 eruditione,
1523 3008 1604 3075 de
1630 3012 1948 3083 bonorum
1993 3037 2169 3079 com-

140 3094 589 3181 parandorum
629 3096 912 3177 rati-one,
958 3093 1041 3159 de
1084 3096 1281 3161 rebus
1340 3094 1623 3179 de‘n‘ique
1668 3096 2046 3163 domesticis
2090 3123 2168 3164 ac

46 3206 57 3213 ·
142 3180 475 3263 civilibus,
520 3181 953 3267 praecipiunt.
1054 3179 1312 3263 Quibus
1358 3182 1702 3267 explicatis
1743 3182 2168 3250 Atheniensis

142 3264 521 3331 faciendum
582 3277 806 3353 putat,
866 3275 943 3332 ut
998 3267 1193 3331 etiam
1252 3275 1572 3353 exponat,
1627 3267 1840 3351 qualis
1885 3270 2168 3354 quisque

140 3352 285 3437 ipse
343 3351 587 3419 debeat
644 3374 825 3437 esse,
882 3352 1207 3437 siquidem
1267 3354 1468 3418 vitam
1527 3354 1769 3437 optime
1815 3354 1902 3419 sit
1942 3356 2167 3439 tradu-

142 3450 395 3503 cturus.
496 3436 651 3520 Quo
711 3438 860 3505 loco
918 3435 1383 3515 commemorat
1449 3439 1930 3523 sapientissime
2001 3448 2170 3527 quae

142 3543 286 3589 non
340 3524 505 3611 legis
564 3526 633 3589 vi
692 3524 1089 3609 extorqueri,
1136 3524 1252 3591 sed
1299 3523 1514 3589 laudis
1557 3532 1626 3589 et
1666 3521 2168 3613 vituperationis

134 3609 476 3698 gravitate
515 3609 691 3677 effici
736 3632 932 3697 posse
976 3610 1350 3693 videantur,
1394 3632 1524 3694 quo
1569 3610 1745 3677 cives
1789 3610 1874 3677 ad
1913 3632 2166 3681 omnem

129 3696 451 3761 virtutem
510 3696 679 3761 fiant
732 3696 1061 3783 propensi.
1148 3693 1387 3780 Itaque
1431 3696 1711 3781 primum
1757 3702 2171 3766 commendat

128 3780 439 3847 studium
480 3784 807 3863 veritatiS,
854 3802 987 3868 quo
1030 3782 1193 3847 nihil
1235 3782 1590 3847 arbitratur
1643 3783 1978 3858 efficacius
2015 3804 2168 3851 ‘esse

126 3868 243 3933 vel
306 3866 397 3931 ad
452 3867 652 3933 fidem
710 3868 853 3933 aliis
908 3866 1369 3953 praestandam
1426 3868 1534 3934 vel
1593 3869 1677 3934 ad
1731 3870 2166 3957 colligendam

128 3976 373 4021 eorum
429 3954 975 4022 benevolentiam.
1084 3956 1297 4021 Porro
1354 3956 1716 4041 tergemino
1763 3955 2026 4031 'honore
2071 3956 2170 4019 di·
2232 3992 2238 4009 ι
2281 3956 2290 3963 ’

124 4063 347 4129 gnum
415 4042 566 4105 eum
628 4062 775 4115 esse
826 4054 1086 4123 censet,
1147 4041 1260 4125 qui
1317 4064 1516 4126 quum
1573 4040 1720 4125 ipse
1766 4040 1941 4105 colat
1982 4040 2169 4105 iusti-

124 4128 334 4211 tiam,
396 4134 535 4193 tum
596 4125 760 4193 alios
820 4148 1083 4211 quoque
1138 4125 1222 4191 ad
1282 4148 1423 4191 eam
1459 4125 1822 4214 colendam
1880 4126 2171 4226 impellat

124 4224 340 4298 atque
402 4210 601 4277 etiam
660 4212 989 4298 principes
1046 4211 1359 4277 civitati&
1392 4212 1460 4275 in
1519 4233 1600 4275 ea
1640 4233 1724 4279 re,
1759 4231 1878 4296 pro
1921 4212 2169 4278 viribus

396 4311 405 4321 .
1757 4319 1781 4375 l
1836 4312 1866 4346 a
