2857 4738
868 294 1141 373 LIBRL
1178 296 1586 373 SEPTIML
2131 309 2253 377 243

134 490 301 553 que
322 468 659 533 iuvenum
688 467 1105 533 saltationem
1154 468 1419 555 impune
1465 469 1610 535 aliis
1674 477 1916 538 utatur.
2008 472 2254 554 Quem-

134 552 543 617 admodum
636 552 810 617 enim
894 552 1073 617 inter
1163 576 1353 619 sacra
1422 555 1642 621 verbis
1711 556 1882 621 male
1941 559 2257 625 ominatis

134 639 263 705 uti
329 637 619 725 impium
675 637 979 721 habetur,
1045 638 1144 703 sic
1187 640 1383 707 etiam
1426 639 1615 705 chori
1677 641 1936 725 absint,
2012 643 2127 726 qui
2181 644 2252 709 in

134 722 457 789 deorum
498 724 694 789 'festis
736 724 823 787 im
877 724 941 787 ia
985 732 1054 789 et
1092 725 1379 791 absurda
1410 726 1826 811 proferentes
1858 727 2024 792 nihil
2068 726 2250 803 aliud

130 832 377 893 quam
426 810 751 891 oratione,
791 834 825 873 r
870 808 1099 895 ythmo
1146 828 1211 874 et
1261 810 1604 876 harmonia
1649 811 2058 879 audientium
2103 814 2247 879 ani·

126 918 314 961 mos
376 894 611 979 pravis
658 893 977 959 'sensibus
1036 895 1377 980 afficiunt,
1437 918 1683 983 eosque
1744 897 1826 962 ad
1873 899 2244 965 miseratio-

124 1003 365 1062 nem,
446 978 715 1062 fletum,
779 980 1313 1047 lamentationem
1404 1004 1818 1049 commovere
1892 994 2244 1067 conantur,

188 1088 307 1130 uo
372 1064 633 1131 scilicet
690 1063 1007 1145 victoriae
1070 1068 1432 1152 praemium
1493 1069 1574 1133 ab
1607 1068 1802 1153 ipsis
1847 1082 2242 1156 reportetur.

220 1148 449 1215 uodsi
492 1158 715 1238 tamen
758 1152 939 1215 cives
976 1161 1281 1238 oporteat
1311 1152 1690 1219 huiusmodi
1734 1154 2242 1237 lamentationes

128 1235 451 1323 audire,
510 1236 747 1300 saltem
817 1236 1041 1322 potius
1097 1238 1223 1302 erit
1273 1236 1543 1302 ‚aliunde
1602 1260 1936 1304 arcessere
1977 1241 2240 1306 ‹choros

127 1322 339 1387 foris
403 1320 795 1403 conductos,
846 1322 959 1405 qui
1018 1322 1325 1408 lugubria
1378 1324 1511 1387 ista
1557 1354 1563 1357 ‘⁴
1587 1326 1874 1388 carmina
1929 1326 2238 1406 fundant,

130 1406 389 1474 veluti
450 1405 569 1491 qui
624 1407 934 1473 mercede
1002 1407 1315 1473 conducti
1390 1406 1632 1473 Carica
1692 1408 1974 1493 quadam
2035 1412 2239 1477 Musa

132 1492 525 1559 deducunt
576 1502 895 1558 mortuos
1000 1491 1135 1559 Sed
1198 1518 1333 1573 non
1386 1493 1587 1560 modo
1643 1504 1786 1559 arte
1841 1496 2100 1561 musica
2151 1494 2238 1561 ad

131 1578 379 1664 impia
426 1578 609 1646 abuti
648 1576 1076 1643 interdictum
1120 1581 1239 1658 sit3
1284 1578 1454 1644 illud
1501 1601 1768 1665 quoque
1806 1580 2236 1661 sanciendum

137 1665 295 1729 etit
341 1662 651 1749 publice,
695 1673 773 1729 ut
810 1662 1004 1729 inter
1047 1665 1373 1731 sacrificia
1416 1665 1621 1730 etiam
1660 1676 1894 1751 preces
1939 1666 2027 1731 ad
2073 1667 2234 1735 deos

132 1749 374 1832 fiant,
438 1756 638 1833 atque
694 1772 775 1815 ea.
836 1771 879 1813 a
934 1748 1065 1813 diis
1127 1759 1440 1838 petantur
1501 1759 1568 1817 et
1609 1766 2004 1837 exorentur,
2064 1776 2234 1839 quae

138 1856 361 1900 vere·
394 1834 767 1920 expetenda
828 1834 987 1918 sint,
1035 1857 1111 1899 ac
1157 1837 1420 1922 publice
1469 1834 1736 1922 quoque
1780 1838 1982 1923 bona,
2029 1840 2228 1919 iusta,

138 1920 453 1986 honesta
508 1918 897 1985 habeantur.
1010 1924 1243 2005 Atque.
1284 1922 1409 1987 ‘his
1456 1928 1550 1987 ita
1595 1924 1954 2008 exploratis
1999 1926 2232 1991 rectis-

136 2006 332 2073 sime
374 2003 522 2069 fieri
554 2012 811 2091 potest,
856 2014 935 2069 ut
978 2004 1105 2071 diis
1148 2006 1381 2089 laudes
1426 2030 1575 2073 cum
1609 2009 1919 2090 precibus
1963 2009 2230 2075 iunctae

140 2098 533 2173 canantur,
594 2100 671 2154 ut
731 2091 943 2177 geniis
1000 2100 1070 2155 et
1140 2092 1450 2157 heroibus
1503 2114 1734 2176 preces
1795 2115 1946 2158 cum
1999 2094 2228 2159 lauda-

142 2176 471 2241 tionibus
527 2175 999 2258 adhibeantur,
1060 2186 1136 2242 ut
1182 2176 1468 2261 denique
1513 2178 1836 2260 mortuis,
1878 2178 1991 2261 qui
2035 2201 2218 2263 prae·

144 2262 351 2327 clara
404 2260 755 2327 ediderint
823 2284 1062 2347 opera,
1140 2263 1434 2327 carmina
1507 2271 1830 2327 canantur
1915 2266 2022 2350 (p.
2083 2264 2226 2333 799.

142 2348 239 2415 E:
292 2383 382 2396 —-
428 2348 573 2412 802.
634 2348 785 2432 A.).
832 2385 917 2396 —-
1034 2347 1209 2415 Sunt
1275 2356 1493 2416 autem
1551 2348 1858 2412 carmina·
1899 2357 1966 2413 et
2022 2348 2226 2414 salta-

143 2435 387 2500 tiones
478 2433 575 2498 sic
644 2432 1073 2513 instituenda.
1159 2433 1524 2499 'Revocari
1609 2431 1695 2496 ad
1768 2453 2030 2498 carmen
2103 2455 2225 2520 par

142 2527 267 2585 est
338 2518 758 2602 antiquorum
828 2519 1229 2588 musicorum
1303 2540 1506 2604 opera
1574 2527 1642 2582 et
1709 2529 2053 2605 poemata,
2144 2529 2224 2584 ut

142 2603 611 2686 retineantur,
678 2603 734 2670 si
794 2626 961 2688 quae
1006 2605 1076 2669 in
1119 2604 1199 2670 iis
1246 2613 1402 2670 sunt
1445 2603 1707 2752 legibus
1755 2614 2220 2687 consentanea,

143 2711 339 2776 quae
384 2705 542 2754 vero
584 2689 647 2754 ei
692 2690 1023 2755 contraria
1070 2697 1465 2790 appareant,
1561 2711 1679 2754 aec
1722 2713 1758 2755 e
1802 2691 2075 2757 civitate
2114 2712 2220 2755 re—

140 2784 575 2842 moveantur.
666 2774 935 2861 Quippe
993 2776 1217 2842 sobrxa
1273 2775 1474 2840 Musa
1526 2789 1592 2840 et
1631 2780 1808 2840 recte
1854 2785 2220 2862 temperata

147 2860 285 2948 qui
343 2859 664 2927 educatus
721 2860 1101 2943 fuerit,‘i8,
1178 2861 1237 2924 si
1294 2860 1480 2928 audit
1540 2861 1973 2944 contrariam,
2039 2869 2220 2926 certe

144 2969 311 3012 eam
356 2945 817 3030 aspernabitur
873 2955 942 3010 et
984 2953 1299 3029 tanquam
1370 2944 1755 3030 illiberalem
1817 2953 2214 3010 contemnet.

148 3034 522 3098 Praeterea
566 3039 799 3097 cantus
844 3030 1327 3114 attemperandi
1371 3037 1528 3096 sunt
1569 3030 1769 3094 etiam
1813 3050 2010 3094 sexus
2056 3028 2212 3094 viri·

146 3117 241 3182 lis
306 3125 375 3180 et
416 3116 755 3183 muliebris
812 3116 1201 3198 rationibus,
1248 3137 1462 3200 eoque
1507 3115 1772 3180 nomine
1814 3113 2016 3178 variis
2057 3113 2210 3178 har-

148 3200 407 3269 moniis
480 3209 551 3266 et
624 3201 915 3268 numeris
994 3200 1467 3286 distinguendi.
1589 3199 1768 3264 Nam
1838 3199 1996 3264 viris
2054 3220 2212 3264 con·

148 3286 389 3354 veniet
442 3287 735 3354 musicae
796 3309 1047 3378 genus,
1111 3285 1288 3370 quod
1350 3287 1604 3350 animos
1641 3283 1933 3349 -roboret
2003 3291 2070 3348 et
2125 3281 2210 3350 ad

148 3371 621 3440 fortitudinem
662 3381 959 3460 promtos
1006 3370 1287 3449 efficiat3
1335 3369 1717 3434 mulieribus
1755 3367 2210 3455 accommoda·

152 3458 299 3524 tius
374 3456 500 3524 erit
572 3479 785 3546 genus
858 3466 1169 3524 cantuum
1248 3454 1660 3520 moderatum
1733 3474 1810 3518 ac
1895 3454 2216 3520 sobrium.-

150 3543 305 3608 Iam
342 3565 519 3608 vero
574 3545 641 3620 si
690 3543 1031 3627 quaeritur
1090 3541 1173 3606 de
1230 3540 1516 3605 musices
1560 3537 1860 3604 doctrina
1914 3547 1982 3604 et
2020 3539 2213 3606 insti-

149 3628 455 3711 tutione,
518 3621 635 3696 res‘
688 3627 871 3693 brevi
934 3627 1215 3712 quadam
1262 3625 1762 3692 adumbratione
1809 3623 2210 3700 declaranda

149 3712 447 3780 videtur.
534 3714 803 3778 Etenim
848 3713 1052 3778 serias
1099 3735 1203 3778 res
1248 3711 1419 3778 serio
1469 3709 1705 3777 studio·
1733 3733 1770 3774 a
1821 3732 1928 3774 ere
1975 3711 2202 3786 decet;

148 3799 341 3866 leves
400 3821 481 3864 ac
536 3795 827 3866 ludicras
883 3821 1017 3864 non
1061 3799 1240 3862 item.
1329 3798 1458 3863 Est
1501 3805 1720 3868 autem
1811 3817 1928 3860 eus
1971 3804 2208 3859 natura

152 3906 279 3950 sua
338 3884 517 3950 omni
563 3883 787 3950 studio
830 3892 898 3948 et
938 3883 1187 3948 honore
1231 3883 1509 3971 dignus3
1574 3882 1774 3946 homo
1819 3887 2082 3957 contra,
2129 3886 2206 3941 ut

154 3991 362 4056 supra
420 3968 745 4052 diximus,
808 3967 917 4034 dei
983 3967 1315 4052 quoddam
1370 3967 1732 4032 ludibrium
1792 3972 1931 4042 est,
1997 3961 2202 4042 idque

154 4053 383 4139 putari
440 4053 645 4120 debet
704 4053 872 4121 adeo
914 4053 984 4119 in
1028 4055 1178 4138 ipso
1228 4055 1546 4138 optimum
1589 4073 1755 4116 esse.
1839 4047 2036 4112 Hauc
2079 4044 2211 4149 ³3³2

154 4150 265 4206 tur
312 4139 640 4206 rationem
680 4138 1229 4224 quemquesequi
1276 4159 1353 4202 ac
1396 4147 1620 4202 tenere
1665 4137 1948 4219 oportet,
1995 4138 2062 4194 et
2111 4138 2211 4215 itag

1645 4251 1801 4314 16*
