2857 4738
600 311 774 378 xv1
1077 401 1087 411 ι
1135 354 1140 358 -
1260 311 1994 381 PROLEGOMENA

604 485 737 549 sint
794 484 1118 548 collocata
1176 505 1391 568 quove
1453 506 1625 548 nexu
1673 506 1818 548 cum
1861 483 2004 548 aliis
2051 483 2468 568 cohaereant,
2519 487 2654 552 cla-

602 571 857 635 rissime
900 590 1165 634 cernere
1212 581 1277 633 et
1322 568 1862 634 animadvertere.
2225 595 2232 602 ·

774 655 925 720 Hoc
980 655 1190 742 igitur
1246 663 1348 719 est
1392 653 1743 720 artificium
1787 653 2085 720 Platonis
2125 655 2320 740 plane
2365 655 2651 720 admira-

602 741 754 824 bile,
800 739 979 824 quod
1022 741 1089 804 in
1134 739 1436 824 piurimis
1479 741 1623 805 eius
1667 740 1932 827 scriptis
1994 739 2110 804 dili
2160 752 2656 827 enter'oportet

600 825 1057 906 animadverti,
1112 823 1444 908 siquidem
1489 825 1914 907 futurumsit,
1967 834 2042 890 ut
2085 847 2124 889 a
2219 836 2464 891 rectam
2509 827 2652 914 ple·-

600 933 881 996 namque
968 931 1195 977 eorum
1280 909 1787 998 intelligentiam
1907 909 2300 975 erveniatur.
2419 915 2653 997 Atque

599 997 773 1061 idem
834 995 996 1060 illud
1056 993 1369 1082 imprimis
1431 997 1626 1060 etiam
1671 995 1738 1062 in
1781 997 1852 1061 iu
1905 992 2156 1061 ‘caudis
2201 996 2502 1084 Legibus
2547 1009 2652 1064 est

600 1080 1120 1163 observandum,
1182 1081 1359 1164 quod
1418 1079 1684 1164 quidem
1741 1103 1912 1166 opus
1985 1081 2456 1168 amplissimum
2507 1105 2649 1148 non

598 1168 790 1232 aliam
848 1168 935 1233 ob
1000 1187 1299 1232 caussam
1330 1166 1570 1254 ,magis
1633 1189 1753 1252 pro
1809 1174 2123 1253 suspecto
2151 1167 2478 1232 ‘habitum
2523 1191 2647 1253 pu-

599 1265 838 1335 temne,
890 1275 1086 1338 quam
1131 1251 1288 1335 quia
1330 1275 1464 1318 non
1507 1252 1670 1318 satis
1715 1261 2020 1318 accurate
2063 1253 2487 1318 observatum
2517 1265 2645 1338 est,

600 1361 731 1422 qua
780 1347 921 1403 arte
964 1347 1033 1402 et
1077 1338 1331 1403 ratione
1371 1338 1716 1404 universae
1775 1337 2242 1422 disputationis
2287 1337 2644 1426 descriptio

598 1434 667 1488 et
721 1423 1205 1511 coagmentatio
1273 1423 1580 1488 instituta
1653 1423 1763 1489 sit.
1878 1423 2208 1488 Nimirum
2295 1433 2416 1490 est·
2483 1447 2645 1490 sane

596 1510 787 1576 istius
843 1510 938 1574 rei
994 1507 1467 1574 animadversio
1527 1507 1750 1594 paullo
1807 1507 2177 1592 difficilior,
2223 1508 2346 1574 sed
2388 1519 2492 1574 est
2533 1531 2643 1574 ea-

588 1594 749 1667 dem
796 1593 881 1659 ad
904 1594 1142 1679 'operis
1186 1595 1665 1679 praestantiam
1701 1603 1882 1658 recte
1929 1593 2403 1658 aestimandam
2443 1595 2642 1682 longe

593 1683 751 1746 item
796 1679 1147 1745 utilissima
1204 1695 1403 1763 atque
1449 1679 1855 1769 gravissima.¹
1953 1677 2094 1750 Iam
2151 1702 2313 1746 vero
2355 1680 2468 1745 ubi
2515 1681 2640 1748 sci-

596 1766 943 1848 scitamur,
1009 1761 1323 1848 quidnam
1380 1762 1644 1828 tandem
1707 1765 1829 1847 sit,
1889 1763 2067 1848 quod
2120 1763 2250 1830 hoc
2276 1767 2357 1829 -in
2401 1787 2640 1852 genere

596 1851 763 1916 adeo
806 1851 911 1914 sit
964 1849 1416 1932 memorabile,
1477 1870 1586 1915 res
1639 1848 1946 1916 universe
1992 1847 2258 1934 quidem
2303 1861 2482 1916 certe
2527 1849 2640 1916 de·-

596 1937 829 2001 clarari
877 1943 1095 2022 potest
1140 1935 1359 2002 verbis
1392 1934 1830 2021 paucissimis.
1920 1935 2184 2000 Etenim
2211 1935 2636 2002 consideran-

594 2033 697 2088 tes
744 2021 969 2106 paullo
1012 2020 1393 2106 diligentius
1439 2041 1693 2086 omnem
1737 2021 2072 2086 materiam
2106 2021 2322 2108 operis
2365 2022 2470 2088 eiu
2551 2045 2637 2086 ue

594 2108 1057 2172 tractationem
1116 2107 1295 2170 nullo
1354 2107 1492 2173 fere
1535 2107 1806 2192 negotio
1853 2043 2665 2189 animadvertemus‚⁸du—'

594 2193 832 2278 plicem
894 2192 1319 2342 (potissimum
1395 2190 1894 2257 discernendam
1969 2213 2120 2256 esse
2179 2202 2430 2278 partem
2489 2194 2637 2263 uni·-

590 2299 824 2352 versae
942 2277 1382 2363 isputationis.
1474 2276 1706 2340 Altera
1764 2277 1936 2342 enim
1997 2286 2296 2342 versatur
2355 2278 2420 2342 in
2465 2277 2636 2342 iudi·

568 2363 822 2461 ‚c'andis
877 2365 1171 2429 moribus
1230 2374 1298 2428 et
1352 2362 1676 2429 institutis
1733 2362 2038 2432 civilibus
2084 2362 2636 2449 exquirendisque

591 2450 857 2536 optimis
916 2450 1209 2535 legibus;
1264 2448 1472 2513 altera
1529 2447 1614 2512 ad
1672 2470 1944 2515 caussas
1989 2460 2060 2513 et
2100 2450 2392 2515 rationes
2435 2450 2634 2536 perti-

590 2543 737 2616 net,
800 2532 977 2597 unde
1040 2533 1483 2618 intelligatur,
1545 2533 1933 2616 quibusnam
1980 2533 2422 2623 fundamentis
2495 2544 2634 2601 tum
2695 2542 2720 2550 “

591 2619 881 2685 civitatis
966 2628 1033 2684 et
1102 2619 1320 2705 legum
1392 2618 1682 2683 rationes
1753 2629 1892 2684 tum
1968 2620 2175 2685 virtus
2203 2697 2211 2702 ,
2239 2620 2480 2685 civium
2555 2640 2632 2686 ac

592 2705 1093 2791 magistratuum
1152 2702 1273 2768 niti
1335 2702 1642 2770 debeant.
1745 2705 1933 2770 Haec
1991 2704 2122 2770 duo
2185 2706 2391 2794 igitur
2436 2705 2631 2771 Plato

589 2790 957 2857 arctissime
1012 2788 1186 2853 inter
1252 2789 1397 2874 ipsa
1451 2789 1796 2853 coniunxit
1867 2799 2098 2876 utpote
2187 2788 2272 2855 ad
2345 2791 2662 2876 optimae,

587 2874 897 2956 civitatis,
943 2896 1114 2959 quae
1157 2874 1419 2959 quidem
1463 2874 1638 2939 inter
1683 2876 1991 2941 mortales
2033 2875 2390 2959 aliquando
2434 2874 2630 2941 condi

590 2968 835 3045 posset,
868 2980 1142 3047 prorsus
1169 2960 1564 3025 necessaria.
1655 2960 1832 3025 Data
1865 2973 2082 3026 autem
2102 2960 2417 3047 scriptori
2453 2960 2632 3026 haud

585 3046 785 3111 dubie
852 3046 1035 3131 optio
1090 3045 1236 3121 fuit,
1282 3055 1498 3110 utram
1557 3054 1834 3132 partem⁴
1868 3044 2066 3110 vellet
2121 3047 2502 3131 praevalere
2563 3057 2632 3109 et
2709 3120 2714 3134 ι
2825 3040 2827 3047 ’

585 3132 773 3199 alteri
820 3131 1187 3216 quaestioni
1232 3140 1565 3214 tamquam
1610 3128 2020 3196 fundamenti
2070 3130 2216 3197 loco
2261 3132 2628 3197 subiectam

584 3238 753 3283 esse.
859 3215 1033 3281 Nam
1098 3216 1315 3301 potuit
1356 3237 1516 3280 sane
1559 3238 1678 3302 pro
1725 3238 1795 3279 re
1838 3225 1994 3281 nata
2041 3226 2154 3281 aut
2199 3216 2405 3303 princi
2457 3217 2522 3281 ia
2563 3229 2632 3281 et

584 3322 853 3367 caussas
926 3323 1145 3365 rerum
1218 3301 1510 3366 civilium
1607 3302 2024 3401 praemittere
2094 3303 2312 3386 iisque
2387 3241 2626 3367 deinde

585 3384 1083 3453 accommodare
1132 3396 1315 3471 quae
1372 3384 1458 3451 de
1514 3384 1771 3473 legibus
1841 3384 2126 3451 dicenda
2179 3398 2437 3467 essent3
2480 3400 2627 3452 ’aut

582 3494 799 3540 rerum
876 3470 1171 3537 civilium
1240 3472 1718 3547 enarrationem
1781 3480 1850 3535 et
1921 3471 2457 3538 diiudicationem
2533 3473 2624 3537 ita

571 3555 891 3630 ,exhibere
938 3565 1003 3623 et
1044 3570 1436 3644 proponere,
1483 3565 1556 3620 ut
1611 3555 1766 3622 huic
1808 3566 2120 3641 tanquam
2165 3558 2378 3623 obiter
2423 3558 2635 3622 inter?
2749 3586 2766 3591 ·

580 3651 957 3728 sererentur
1054 3664 1223 3727 quae
1282 3641 1367 3707 ad
1431 3640 1722 3707 rationes
1781 3662 2003 3707 earum
2054 3640 2488 3709 illustrandas
2525 3645 2623 3709 ia·-

579 3736 819 3799 nerent.
912 3690 1102 3794 Illam
1160 3728 1478 3792 rationem
1528 3725 2066 3793 desideraverunt
2109 3733 2338 3814 nuperi
2387 3727 2620 3809 critici,

578 3814 645 3879 in
688 3814 1053 3900 primisque
1100 3801 1496 3878 Zellerus
1563 3809 1751 3879 Stud.
1811 3812 2065 3878 Platon.
2108 3838 2169 3899 p.
2219 3816 2319 3880 29.
2365 3816 2470 3880 30.
2515 3816 2619 3879 34.

576 3899 875 3967 Alteram
927 3898 1117 3964 Plato
1176 3898 1302 3965 sibi
1350 3895 1768 3983 deligendam
1823 3900 2101 3985 putavit.
2172 3898 2316 3963 Nee
2361 3898 2428 3961 id
2469 3920 2620 3985 pro-

575 3983 751 4050 fecto
808 3994 1074 4049 temere.
1166 3982 1399 4049 Noluit
1439 3981 1614 4047 enim
1657 4002 1948 4051 summus
1985 3983 2423 4071 philosophus
2471 4006 2621 4069 pro-

574 4076 727 4215 pter
769 4090 918 4151 eas,
986 4088 1151 4151 quas
1198 4088 1398 4154 supra
1443 4066 1750 4149 diximuS,
1795 4086 2066 4134 caussas
2110 4067 2367 4155 ingredi
2411 4069 2616 4135 subti⁴

596 4153 799 4220 iorem
834 4154 1077 4220 harum
1108 4172 1323 4219 rerum
1363 4152 1834 4236 quaestionem.
1929 4156 2162 4237 ltaque
2208 4172 2618 4237 consequens
