2857 4738
669 333 738 397 X
749 331 905 396 bvl
1321 327 1979 398 PROLEGOMEN
1992 335 2053 396 A

671 500 878 566 'videri
935 500 1171 588 partim
1227 499 1465 566 exinde
1528 510 1673 566 orta
1716 523 1861 567 esse
1882 549 1903 582 ‚
1965 498 2143 584 quod
2202 521 2386 586 opus.
2433 500 2517 564 ab
2558 499 2700 585 ipso

670 597 937 652 auctore
1009 610 1141 652 non
1187 597 1289 651 cst
1325 586 1521 672 plane
1565 587 1647 650 ad
1692 589 1933 652 exitum
1976 584 2399 672 profligatum
2447 605 2704 650 accura-

670 687 867 757 teque
941 671 1356 758 perpolitum.
1476 671 1781 756 Deniq'ue
1853 672 2047 748 etiam
2115 671 2331 736 oratio
2416 670 2704 737 Platonis

671 759 892 824 multis
949 757 1365 844 magnisque·
1395 759 1770 824 criticorum
1817 768 2011 842 atque
2058 758 2419 823 scribarum
2481 757 2711 826 errori».

672 847 794 912 bus
835 845 1277 928 contaminata
1322 853 1445 924 est,
1494 845 1607 928 qui
1636 843 1901 929 quidem
1934 865 2187 910 errores
2234 844 2477 928 partim
2520 843 2703 906 etiam

673 955 752 996 eo
808 929 1190 1011 valuerunt,
1275 939 1349 992 ut
1408 929 1654 1016 dialogi
1714 939 2027 994 venustas
2088 939 2157 992 et
2200 928 2548 1016 'elegantia
2606 927 2705 992 vel

674 1017 1146 1102 depravaretur
1203 1015 1308 1079 vel
1367 1015 1861 1097 obscuraretur,
1908 1013 1978 1080 id
2023 1012 2201 1099 quod
2244 1017 2314 1079 in
2364 1013 2700 1080 Commen-

673 1102 858 1166 tariis
917 1102 1166 1166 criticis
1225 1111 1294 1164 et
1343 1102 1701 1186 exegeticis
1760 1123 1891 1166 uon
1934 1124 2067 1166 uno
2110 1101 2257 1166 loco
2302 1099 2703 1166 demonstra·-

673 1188 903 1253 vimus,
1005 1191 1230 1270 Atque
1283 1185 1450 1250 haec
1508 1187 1563 1250 si
1636 1210 1785 1252 vere
1846 1185 2369 1272 disputavimu‘8‚
2432 1208 2514 1250 ne
2584 1185 2702 1249 ista

676 1272 940 1358 quidem
1003 1295 1148 1338 eam
1189 1273 1320 1337 vim
1366 1270 1607 1337 habere
1654 1282 1961 1360 apparet,
2010 1282 2082 1336 ut
2138 1271 2431 1338 universi
2494 1271 2700 1357 operis

675 1359 872 1426 fidem
930 1367 998 1424 et
1039 1359 1499 1430 auctoritatem
1544 1358 1919 1423 convellant
1962 1367 2079 1423 aut
2121 1358 2533 1424 labefactent.

1315 1653 1609 1663 -----————--·v——
1617 1655 2103 1667 —u-—v--v———o———na-

1149 1923 1337 2070 Cap}
1400 1953 1597 2046 XVl.
1700 1943 2081 2080 Seginent.=
2151 1955 2274 2075 W.
2596 2068 2603 2076 ‚

717 2137 827 2194 ne
869 2139 1156 2210 dialogi
1193 2141 1521 2196 universi
1570 2139 2169 2210 prop-notation-
2204 2139 2664 2208 qutun-am.

850 2291 988 2358 Sed
1069 2296 1406 2362 mittamus
1482 2295 1644 2362 haec
1738 2304 1935 2381 atque
2008 2293 2564 2383 transgrediamur
2620 2289 2694 2354 ad

681 2378 1186 2448 considerandas
1247 2382 1565 2468 quasdam
1620 2382 1913 2449 universi
1971 2382 2293 2447 sermonis
2398 2380 2693 2468 roprieta·

681 2478 818 2546 tes,
879 2466 946 2531 in
1009 2469 1250 2550 quibus
1297 2471 1487 2552 quasi
1543 2469 1893 2554 singularis
2004 2466 2224 2533 uidam
2285 2406 2465 2533 coflor
2506 2465 2695 2552 ipsius

681 2552 986 2618 cernitur.
1075 2558 1179 2617 Ac
1223 2554 1815 2640 primum-quidem
1858 2554 1962 2618 Ze
2016 2552 2247 2618 lerus
2308 2552 2497 2641 Stud.
2558 2549 2693 2615 Pla·

682 2650 816 2701 ton.
883 2661 946 2722 p.
1007 2638 1107 2701 68.
1157 2660 1258 2723 sq.
1324 2648 1392 2703 et
1436 2640 1731 2705 Astius
1776 2640 1881 2705 De
1925 2639 2085 2704 Vita
2129 2650 2193 2703 et
2244 2639 2521 2727 Scriptis
2558 2634 2693 2699 Pla·

680 2736 816 2789 ton.
869 2746 931 2807 p.
975 2724 1142 2805 388.‚
1189 2724 1388 2789 sicuti
1434 2725 1562 2791 iam
1604 2735 1803 2791 antea
1846 2724 2403 2812 significavimus,
2454 2720 2692 2813 gravio-

682 2831 814 2876 rem
873 2810 1188 2875 sermonis
1238 2810 1571 2877 incessum
1626 2822 1973 2894 notarunt,
2022 2811 2133 2896 qui
2175 2811 2385 2879 veluti
2434 2826 2693 2911 pompae

684 2894 922 2960 habeat
988 2894 1365 2963 tarditatem
1439 2897 1761 2985 planeque
1848 2906 2071 2962 careat
2146 2896 2511 2975 admirabllj
2593 2891 2693 2956 illa

685 2980 1017 3046 facilitatis
1073 2984 1308 3068 gratia,
1367 3007 1501 3068 qua
1544 2984 1655 3049 alii
1698 2983 1995 3049 Platonis
2036 3005 2373 3049 sermones
2418 2980 2691 3065 insignes

684 3070 834 3134 sint.
923 3067 1018 3132 At
1072 3070 1240 3135 enim
1299 3093 1455 3135 vero
1518 3068 1697 3135 istud
1740 3067 2003 3153 quidem
2042 3067 2422 3150 neutiquam
2465 3061 2692 3149 simpli-

685 3153 850 3219 citer
879 3176 1026 3240 ·pro
1088 3154 1252 3221 vitio
1309 3155 1686 3221 ducendum
1742 3176 1921 3236 esse,
1987 3153 2093 3219 vel
2134 3177 2217 3217 ex
2258 3154 2343 3219 iis
2391 3175 2473 3237 ap
2522 3168 2693 3243 arere

686 3240 1110 3321 arbitramur,
1172 3262 1338 3327 quae
1399 3250 1595 3305 antea
1666 3240 1748 3318 de
1806 3246 2045 3305 ornatu
2110 3240 2377 3306 scenico
2502 3236 2692 3317 ialogt

685 3333 840 3390 sunt
893 3326 1209 3409 exposita.
1295 3325 1503 3392 Senes
1566 3326 1740 3391 enim
1796 3324 2073 3391 decebat
2115 3326 2312 3391 etiam
2354 3344 2559 3390 sermo
2596 3338 2689 3383 se·-

687 3409 901 3475 datior
946 3424 1144 3495 atque
1197 3410 1611 3477 moderatior.
1702 3413 2051 3475 Praeterea
2093 3433 2213 3477 nec
2258 3415 2689 3497 argumentum

687 3494 938 3561 ferebat
1001 3497 1307 3563 maiorem
1371 3495 1820 3584 interrogandi
1868 3496 2443 3582 respondendique
2496 3488 2689 3557 varie·

688 3589 927 3660 tatem,
989 3583 1370 3665 praesertim
1417 3606 1613 3667 quum
1658 3581 1821 3648 illud
1864 3584 1997 3647 fere
2037 3582 2124 3647 ad
2167 3574 2689 3669 communem-iq·

689 3666 1116 3750 telligentiam
1171 3667 1657 3734 accommodate
1716 3690 1793 3733 ac
1850 3668 2151 3753 populari
2210 3668 2456 3733 ratione
2498 3658 2687 3746 expll-

689 3760 903 3817 catum
933 3752 1037 3816 sit.
1130 3754 1275 3818 Nec
1301 3776 1457 3819 vero
1504 3755 1631 3819 ista
1672 3752 1913 3840 dialogi
1956 3755 2257 3838 tarditaS,
2304 3753 2360 3819 si
2406 3772 2533 3834 qua
2574 3756 2685 3841 est,

689 3838 772 3903 ab
835 3837 976 3901 aliis
1037 3836 1330 3905 Platonis
1374 3839 1557 3905 libris
1601 3840 1861 3905 omnino
1905 3840 2133 3907 abesse
2178 3839 2452 3904 videtur.
2536 3834 2686 3896 Am·

687 3920 1117 3989 madvertitur
1171 3924 1396 3989 saltem
1442 3925 1649 3991 simile
1694 3916 2001 4009 quiddam
2046 3927 2243 3993 etiam
2284 3925 2353 3989 in
2398 3916 2685 4012 politico,

695 4005 1006 4091 Philebo,
1065 4010 1353 4092 Timaeo,
1402 4033 1679 4093 quorum
1724 4012 2032 4077 librorum
2080 4012 2362 4079 omnium
2411 4016 2483 4071 ut
2523 4020 2685 4085 qule-

691 4116 816 4178 que
881 4104 1178 4161 versatur
1234 4097 1299 4159 in
1369 4106 1754 4182 argumento
1816 4098 2183 4164 difficiliore
2241 4105 2306 4161 et
2358 4091 2442 4157 ad
2496 4086 2683 4183 disee-

693 4179 872 4245 rendi
919 4182 1295 4248 varietatem
1343 4183 1553 4249 minus
1590 4193 1747 4268 apto
1790 4194 1857 4247 et
1898 4183 2158 4267 idoneo,
2204 4184 2295 4247 ita
2336 4177 2526 4243 etiam
2568 4167 2680 4233 dff-
