2857 4738
828 373 953 440 DE
1004 375 1432 444 LEGIBUS
1471 387 1600 444 ete,
2015 377 2231 443 XVII

202 551 319 625 est,
375 553 445 632 ut
488 544 679 608 nobis
730 543 1232 628 disquirendum
1281 547 1405 628 sit,
1453 567 1736 629 quonam
1779 544 1974 610 modo
2025 555 2223 630 atque

134 661 140 666 ·
200 629 293 692 via
340 629 685 694 consilium
744 651 937 694 suum
1002 630 1090 694 sit
1153 641 1582 714 exsequutus.
1691 630 2000 714 Iniquum
2051 631 2223 694 enim

198 725 286 778 est
336 713 392 777 ei
445 713 833 798 praecipere
898 714 1100 798 velle,
1162 714 1493 799 quomodo
1553 714 1681 800 ipsi
1737 715 1938 778 tuerit
1995 714 2222 799 dispu2

197 797 454 864 tandum.
546 797 909 864 Videamus
952 799 1177 886 igitur,
1225 822 1508 883 quonam
1551 799 1832 864 artificio
1881 799 1964 864 ab
2009 821 2086 864 eo
2133 801 2222 866 sit

196 883 576 966 institutum,
652 892 729 949 ut
787 883 945 970 dum
1005 906 1113 948 res
1186 885 1413 950 civiles
1487 883 1841 949 traduntur
1927 893 1994 948 et
2061 907 2218 948 con-

194 968 552 1049 stituuntur,
606 968 809 1033 veluti
834 968 1015 1036 aliud
1041 969 1297 1056 agendo
1338 970 1530 1035 simul
1562 970 1761 1034 etiam
1807 968 2216 1049 ostendatur,

72 1091 79 1098 ·
196 1053 334 1136 quid
376 1053 455 1118 de
498 1052 931 1118 fundamento
975 1054 1233 1140 legum,
1281 1054 1407 1118 hoc
1454 1065 1579 1136 est,
1621 1053 1708 1118 de
1753 1055 1996 1118 virtute
2043 1055 2216 1120 eius-

196 1161 306 1220 que
356 1138 763 1219 rationibus.,
810 1138 1227 1204 sentiendum
1274 1141 1379 1204 sit.
1473 1137 1672 1221 Quod
1719 1139 1984 1222 quidem
2031 1139 2215 1204 vide-

197 1245 319 1286 mur
366 1223 678 1288 facillime
730 1224 1455 1308 ‘consequntur-iesse,
1513 1226 1570 1289 si
1617 1246 1872 1288 omnem
1916 1222 2212 1306 disputa-

92 1319 95 1322 ’
194 1307 369 1371 tionis
410 1308 585 1371 viam
630 1306 847 1372 denuo
893 1309 1180 1374 breviter
1222 1310 1700 1393 perlustremus
1749 1318 1945 1392 atque
1993 1312 2212 1374 omnia

193 1399 249 1476 et
297 1391 553 1478 singula
611 1403 765 1478 apte
824 1415 901 1458 ac
962 1417 1085 1459 suo
1140 1395 1289 1459 loco
1347 1395 1568 1480 posita
1627 1416 1773 1460 ess-e
1817 1395 2049 1478 paucis
2083 1394 2209 1458 de-

192 1487 632 1542 monstrem-us,
1082 1509 1089 1520 ·
1443 1517 1450 1522 -

336 1561 571 1646 Itaque
645 1562 835 1626 initio
908 1564 1125 1648 operis
1196 1565 1337 1628 sive
1385 1565 1681 1648 ‘prim-o
1718 1563 1983 1635 -libro
2055 1572 2209 1628 ante

189 1647 383 1711 omnia
411 1669 694 1712 censura
717 1649 935 1734 agitur
978 1649 1215 1735 legum'
1242 1649 1491 1714 Minois
1533 1659 1602 1714 et
1648 1649 1964 1735 Lycurgi,
2013 1646 2212 1712 doce-

188 1739 399 1816 turque
458 1755 577 1798 eas
636 1755 770 1798 non
815 1742 991 1798 recte
1040 1734 1125 1798 ad
1161 1733 1869 1818 unamufortitudi'nemj
1907 1733 2209 1814 bellicam

186 1827 578 1901 comparatas
622 1839 789 1886 esse.
878 1817 1079 1901 Quod
1114 1818 1270 1884 dum
1314 1819 1407 1883 ita
1439 1820 1803 1906 peragitur,
1833 1841 1971 1882 non
2011 1815 2210 1883 modo

188 1900 591 1968 fortitudo
636 1904 927 1990 vulgaris
967 1904 1075 1968 vel
1120 1905 1460 1990 popularis
1487 1905 1938 1984 adumbratur,
1983 1915 2210 1968 verum

191 1985 362 2051 etiam
416 1988 755 2076 sapienter
812 1988 1033 2075 legum
1104 1988 1513 2054 conditorem
1597 1988 1970 2054 ostenditur
2044 2011 2210 2052 non

191 2093 395 2137 unam
434 2075 823 2156 aliquam
897 2073 1263 2140 virtutis
1321 2083 1683 2158 partem,
1743 2073 1888 2138 sed
1943 2082 2207 2139 totam

194 2164 419 2240 atque
470 2160 897 2244 integram
978 2159 1383 2224 virtutem
1457 2161 1560 2224 ob
1635 2157 1822 2224 ocul
1895 2181 1928 2224 s
2023 2170 2206 2223 es'se

194 2239 681 2320 habiturum3
729 2265 1036 2327 quorsum
1084 2245 1369 2328 pertinet
1411 2244 1598 2309 locus
1625 2245 1809 2307 Libr.
1896 2291 1910 2306 .
1959 2267 2023 2328 p.
2057 2245 2205 2306 631.

196 2325 270 2388 A.
319 2349 515 2412 usque
582 2327 667 2393 ad
725 2352 791 2415 p.
857 2331 1004 2395 632.
1064 2329 1146 2410 E.
1268 2327 1506 2411 Itaque
1566 2329 1784 2393 statim
1863 2327 1947 2391 ab
2015 2326 2206 2407 initio
2258 2333 2270 2342 ”

195 2415 477 2479 sermonis
546 2413 850 2478 sollerter
902 2414 1265 2479 indicatum
1322 2422 1456 2494 est,
1520 2413 1694 2476 omni
1749 2411 2207 2498 legumlationi

194 2499 567 2581 propositam
626 2520 771 2564 esse
828 2522 867 2563 o
920 2508 1131 2563 ortere
1192 2498 1504 2562 virtutem
1523 2544 1542 2579 ,
1591 2507 1665 2563 ut
1703 2497 1832 2562 iam
1878 2497 2206 2583 principio

191 2602 306 2645 non
376 2584 657 2650 obscure
737 2583 852 2647 illu
962 2583 1413 2671 significetur,
1506 2582 1586 2647 ad
1667 2582 1844 2667 quod
1921 2582 2204 2667 denique

191 2666 381 2731 omnia
431 2662 785 2735 referenda,
823 2670 991 2750 sint,
1054 2692 1222 2753 quae
1282 2668 1594 2753 deinceps
1640 2667 1722 2733 de
1766 2668 2025 2755 legibus
2071 2667 2204 2733 dis-

188 2762 484 2819 seruntur.
597 2756 827 2836 Atque
887 2753 1051 2819 haec
1118 2754 1214 2819 rei
1272 2753 1673 2839 significatio
1731 2763 1836 2818 est
1900 2753 2204 2838 profecto

187 2842 349 2901 tanto
390 2840 659 2925 gravior
702 2847 769 2901 et
814 2837 898 2902 ad
930 2862 1187 2908 omnem
1218 2838 1732 2925 disputationem
1779 2838 2202 2919 fructuosior,
2314 2852 2320 2858 ·

188 2921 349 3001 quod
405 2924 639 2989 eodem
708 2924 839 2987 isto·
904 2923 1053 2988 loco
1110 2924 1304 2989 simul
1364 2925 1559 2987 etiam
1603 2922 1956 2987 exhibetur
2013 2923 2205 2988 uni-

191 3026 470 3073 versae
572 3008 667 3073 de
755 3007 1137 3093 Legibus
1223 3008 1350 3073 dis
1426 3008 1899 3092 utationis,
1988 3028 2202 3090 quae

187 3086 579 3179 deinceps
642 3102 1115 3176 sequutura
1178 3094 1330 3173 sit,
1369 3032 1661 3159 brevis
1707 3090 2200 3175 descriptiO,

186 3194 301 3258 qua
352 3176 520 3243 adeo
582 3200 699 3257 ea,
760 3177 1165 3261 -quaerlibro
1219 3175 1610 3243 duodecimo
1684 3176 1768 3240 de
1815 3172 2204 3241 custodibus

182 3259 567 3346 reipublicae
652 3266 1108 3347 exponuntur,
1200 3272 1516 3347 tanquam
1585 3282 1838 3327 summa
1919 3259 2204 3344 quadam

180 3347 822 3434 comprehenduntur.
912 3348 1059 3413 Nec
1102 3356 1319 3413 tamen
1364 3347 1629 3435 longius
1673 3346 2024 3411 universae
2069 3346 2202 3410 vir-

180 3432 329 3496 tutis
382 3431 942 3499 commendationi
1002 3433 1381 3498 immoratur
1423 3432 1826 3518 disputatio,
1873 3431 1992 3497 sed
2037 3452 2200 3522 quo-

180 3514 333 3582 niam
372 3517 720 3605 popularis
764 3517 870 3581 vel
916 3512 1131 3583 civilis
1176 3519 1387 3583 virtus
1451 3518 1768 3602 imprimis
1818 3540 1900 3581 ex
1943 3518 2204 3581 fortitu-

180 3596 319 3666 dine
360 3613 429 3669 et
472 3603 913 3688 temperantia
943 3612 1230 3685 constat,
1278 3610 1560 3667 exeunte
1602 3602 1771 3668 libro
1816 3602 2028 3687 primo
2052 3624 2203 3688 pro-

174 3692 352 3753 tenus
396 3688 484 3753 ad
524 3688 697 3753 hanc
741 3695 1151 3776 properatur.
1235 3688 1536 3753 Docetur
1585 3688 1788 3774 igitur
1843 3686 2207 3753 fortitu-

178 3767 442 3839 dinem
504 3796 637 3838 non
695 3782 949 3839 tantum
1008 3775 1076 3838 in
1110 3771 1477 3838 -vincendi's
1535 3771 1840 3837 hostibus
1919 3772 2204 3837 externis

178 3856 453 3937 positam
498 3880 671 3940 esse,
718 3858 839 3933 sed
882 3859 1200 3946 imprimis
1244 3858 1442 3923 etiam
1485 3856 1666 3921 cerni
1709 3858 1778 3921 in
1825 3878 1928 3939 eo,
1969 3866 2045 3920 ut
2085 3877 2204 3919 no·-

176 3948 335 4009 strss
374 3944 675 4030 ipsorum
720 3944 1123 4029 cupiditates
1162 3951 1229 4008 et
1270 3942 1472 4008 animi
1515 3940 1900 4007 affectiones
1943 3942 2206 4005 vincere

180 4034 243 4088 et
280 4048 589 4114 superare
633 4030 981 4115 possimus.
1070 4027 1331 4111 Quibus
1374 4027 1718 4113 explicatis
1745 4024 1983 4092 deinde
2027 4046 2204 4090 com·

184 4108 549 4180 modissime
594 4114 913 4180 transitur
954 4113 1040 4178 ad
1082 4113 1756 4200 temperantiam,
1805 4130 1974 4194 quae
2015 4111 2206 4195 quasi

188 4214 331 4260 cum
404 4198 611 4265 altera
679 4199 807 4263 hac
876 4197 1287 4265 fortitudinis
1340 4207 1526 4284 parte
1589 4197 1862 4261 interius
1921 4206 2208 4283 cognata

1755 4296 1806 4360 B
