2857 4738
660 333 1012 404 LXXXII
1315 330 2062 402 PROLEGOMENA

663 527 788 587 que
849 504 915 570 in
973 504 1098 567 alio
1160 504 1328 569 libro
1383 504 1479 567 ita
1526 503 1767 571 factum
1828 522 2011 584 esse,
2073 500 2141 565 in
2204 499 2713 569 Commentariis

663 588 746 653 ad
809 610 958 669 eum
1023 590 1240 654 locum
1314 587 1929 657 demonstravimus.
2048 586 2195 651 Nec
2271 608 2427 651 vero
2504 584 2716 670 magis

662 696 988 754 moramur
1043 674 1206 757 alia,
1256 696 1425 758 quae⁴
1468 673 1610 739 visa
1652 680 1809 737 sunt
1853 672 2179 737 molestae
2237 670 2718 758 perissologiae

575 804 580 807 -
664 760 820 823 vitio
879 760 1210 825 laborare:
1273 758 1459 825 Libr.
1521 757 1575 823 Ι.
1624 782 1687 842 p.
1738 759 1883 823 647.
1931 756 2005 823 C.
2054 756 2145 822 ΙΙ.
2193 780 2258 842 p.
2308 759 2452 823 (557.
2502 756 2584 819 B.
2633 754 2717 821 V.

712 894 726 909 .
796 846 940 909 734.
1005 840 1080 910 C.
1142 846 1286 909 738.
1349 844 1436 909 D.
1506 846 1654 909 746.
1702 840 1781 907 Ε.
1832 842 1955 907 VI.
2001 868 2067 929 p.
2115 845 2263 909 764.
2312 841 2401 922 C.-
2442 842 2587 906 776.
2634 840 2719 909 D.

661 868 912 1015 gKI.,p.
977 931 1124 993 929.
1183 932 1269 994 A.
1333 939 1402 993 et
1460 930 1607 994 920.
1673 928 1751 993 B.
1812 928 1894 993 de
1953 928 2192 1012 quibus
2252 928 2459 995 satius
2504 927 2721 991 visum

665 1022 766 1079 est
826 1014 894 1077 in
959 1012 1467 1079 Commentariis
1524 1036 1807 1079 monere.
1898 1012 2130 1087 Restat
2192 1022 2264 1083 ut
2311 1013 2393 1080 de
2437 1036 2575 1077 uno
2622 1010 2721 1075 di·-

665 1097 946 1165 cendum
1007 1099 1131 1182 sit,
1203 1098 1382 1183 quod
1442 1096 1841 1163 Zellerus
1900 1122 1963 1183 p.
2026 1101 2127 1163 98.
2188 1096 2517 1163 immerito
2574 1106 2721 1164 tan-

667 1206 864 1270 quam
923 1184 1280 1249 violentum
1347 1194 1414 1249 et
1474 1192 1847 1249 contortum
1921 1188 2143 1263 notat3
2220 1184 2723 1250 collocutionem

667 1270 1029 1355 particulae
1089 1269 1178 1347 ὠς
1235 1268 1547 1352 dicimu8,
1598 1268 1809 1355 qualis
1855 1279 1957 1335 est
1993 1270 2187 1341 Libr.
2230 1268 2285 1334 Ι.
2336 1293 2399 1356 p.
2446 1272 2592 1335 645.
2641 1268 2723 1333 Β.
2813 1326 2814 1329 ,

667 1359 817 1443 περὶ
873 1352 1259 1438 θαυμάτων
1320 1354 1410 1433 ὠς
1477 1352 1693 1423 ὅντων
1736 1354 1949 1435 ἡμῶν,
1992 1355 2038 1422 i.
2090 1378 2147 1421 e.
2198 1360 2349 1441 περὶ
2396 1352 2727 1439 ἡμῶνώς

669 1435 884 1507 ὄντων
945 1437 1359 1523 θανμάτων;
1423 1438 1557 1505 111.
1599 1462 1667 1525 p.
1714 1442 1856 1506 700.
1900 1440 1979 1505 Β.
2027 1439 2212 1522 ᾠδὴν
2258 1442 2349 1514 ὥς
2388 1466 2543 1505 τινα
2587 1443 2725 1507 ἑτέ·

669 1547 817 1605 ραν.
870 1525 994 1591 VI.
1041 1549 1104 1609 p.
1154 1527 1300 1591 762.
1349 1524 1426 1589 C.
1474 1528 1618 1591 763.
1681 1524 1756 1589 C.
1806 1525 1968 1589 VII.
2016 1549 2079 1610 p.
2128 1528 2271 1593 798.
2318 1524 2394 1591 C.
2435 1528 2609 1593 802..
2642 1524 2726 1591 E.
2812 1552 2814 1573 ³

671 1610 752 1674 al.
867 1608 1223 1675 Enimvero
1289 1618 1546 1676 tantum
1608 1610 1833 1691 abest,
1894 1619 1970 1675 ut
2028 1634 2107 1677 ea
2166 1611 2513 1686 collocatio
2558 1608 2731 1675 mira

671 1695 760 1759 sit
816 1703 931 1759 aut
978 1695 1332 1778 inusitata,
1395 1705 1472 1760 ut
1516 1718 1725 1781 prope
1773 1704 2083 1771 constans
2122 1706 2195 1761 et
2236 1696 2531 1783 legitima
2576 1716 2746 1761 esse-

671 1778 994 1845 videatur.
1103 1781 1206 1845 De
1265 1802 1396 1862 qua
1456 1802 1527 1845 re
1589 1780 1871 1847 diximus
1928 1779 2011 1845 ad
2066 1780 2324 1847 Phileh.
2371 1806 2434 1867 p.
2489 1782 2587 1848 18.
2634 1781 2778 1847 Ι).”

674 1874 742 1931 et
789 1864 1048 1929 Politic.
1110 1889 1174 1951 p.
1223 1867 1367 1933 260.
1427 1864 1503 1931 C.
1552 1864 1847 1950 Sophist.
1894 1890 1955 1953 p.
2005 1868 2151 1933 242.
2196 1865 2275 1932 O.
2320 1867 2434 1932 ubi
2483 1888 2729 1935 consu·

669 1949 904 2015 lendus
950 1958 1056 2015 est
1101 1950 1296 2015 etiam
1337 1950 1926 2017 Heindorfius.
2018 1952 2145 2017 His
2174 1953 2206 2016 .i
2258 1952 2389 2017 itur
2434 1952 2731 2017 breviter

671 2035 776 2100 dis
823 2036 1026 2109 utatis
1083 2036 1276 2100 facile
1339 2036 1575 2123 opinor
1614 2036 2047 2136 intelligetur,
2120 2052 2229 2107 mu
2254 2048 2325 2101 ta
2380 2060 2419 2101 a
2474 2036 2731 2103 criticis

671 2120 788 2187 nul
815 2144 853 2185 o
917 2121 1057 2185 iure
1118 2122 1186 2188 in
1246 2121 1535 2187 dictione
1593 2127 1685 2186 ex*
1720 2123 2091 2188 coniunctis
2137 2122 2476 2189 vocabulis
2522 2124 2729 2189 casti-

670 2214 826 2293 gata
885 2228 1030 2277 esse
1093 2216 1160 2271 et
1219 2208 1629 2292 vituperata,
1694 2230 1862 2291 quae
1926 2230 2057 2274 non
2116 2207 2313 2276 modo
2372 2230 2501 2276 non
2550 2230 2731 2289 ram,

672 2290 790 2355 sed
855 2292 1051 2357 etiam
1114 2314 1433 2378 perquam
1494 2291 1650 2357 trita
1710 2298 1909 2378 atque
1968 2316 2177 2380 prope
2234 2290 2533 2382 legitima
2584 2316 2733 2360 esse
2784 2320 2789 2329 ·

673 2377 959 2444 iudicari
1007 2378 1308 2447 debeant.

856 2463 996 2528 Iam
1056 2486 1212 2528 vero
1277 2463 1378 2528 his
1436 2464 1529 2526 ita
1587 2465 1935 2532 transactis
1978 2464 2441 2550 progredimur
2482 2463 2570 2528 ad
2622 2488 2735 2530 co·-

675 2547 1126 2636 gnoscendum
1185 2567 1378 2614 usum
1442 2549 1913 2614 vocabulorum
1958 2550 2461 2618 coniunctorum
2506 2549 2729 2615 rheto-

671 2633 921 2713 ricum,
983 2631 1096 2716 qui
1139 2638 1473 2716 tamquam
1499 2632 1809 2706 insolens
1854 2635 1922 2699 in
1968 2634 2263 2720 Legibus
2308 2635 2414 2699 vel
2459 2645 2736 2702 notatus

673 2717 780 2781 vel
839 2717 1274 2804 reprehensus
1337 2725 1455 2782 est.
1569 2716 1899 2799 Quorsum
1948 2721 2279 2806 pertinent
2323 2720 2737 2806 periphrasis

673 2801 1007 2866 nominum
1065 2802 1595 2887 amplificationis
1654 2805 1975 2870 oratoriae
2035 2805 2247 2891 gratia
2308 2806 2485 2879 facta
2528 2815 2739 2892 atque

673 2887 930 2973 tropica
1019 2885 1381 2952 dictionum
1472 2890 1897 2974 quarumdam
2002 2891 2343 2982 usurpatio
2458 2902 2741 2958 ornatus

687 2992 924 3046 caussa
967 2971 1241 3038 adscita.
1421 3033 1428 3042 .

833 3056 1081 3141 ¹Itaque
1130 3059 1404 3158 primum
1438 3058 1775 3128 videamus
1825 3058 2288 3132 denominum
2336 3061 2740 3149 periphrasi.

675 3143 778 3206 Ea
838 3165 996 3208 vero
1056 3167 1266 3230 pruno
1334 3143 1601 3228 quidem
1662 3144 1983 3230 adspectu
2030 3146 2259 3229 utique
2304 3145 2574 3226 videtur·
2612 3159 2743 3212 ‘su-

678 3227 879 3302 binde
925 3227 1165 3294 habere
1211 3227 1499 3312 aliquid,
1550 3228 1728 3313 quod
1773 3229 1940 3298 male
1986 3230 2074 3294 sit
2119 3230 2538 3314 affectatum,
2593 3242 2745 3300 stu-

675 3311 858 3378 diose
917 3315 1326 3397 quaesitum,
1388 3314 1674 3398 denique
1720 3337 1759 3380 a
1824 3314 2106 3400 simplici
2176 3326 2243 3380 et
2295 3317 2523 3382 nativa
2600 3319 2745 3383 ele-

723 3397 902 3460 antia
973 3401 1290 3466 sermonis
1371 3399 1709 3466 Platonici
1780 3400 2082 3465 alienum.
2224 3401 2451 3466 Veluti
2522 3425 2745 3487 quum

699 3482 1002 3568 .egyptii
1060 3485 1241 3550 Libr.
1299 3483 1468 3548 XII.
1574 3535 1603 3554 ,.
1665 3487 1811 3550 953.
1871 3483 1948 3550 Ε.
2026 3490 2395 3568 θρέμματα
2480 3491 2745 3554 Νείλου

679 3575 1032 3651 vocantur,
1091 3579 1160 3634 et
1223 3579 1463 3656 poetae
1587 3569 1707 3635 ibr.
1769 3568 1931 3636 VII.
1995 3593 2056 3654 p.
2124 3573 2268 3638 817.
2318 3571 2398 3634 D.
2446 3571 2746 3639 audiunt

677 3653 908 3728 παῖδες
957 3655 1278 3734 μαλακῶν
1341 3657 1641 3720 Μουσῶν
1702 3657 1981 3736 ἔκγονοι.
2072 3657 2176 3720 Ac
2220 3656 2559 3742 pertinent
2603 3657 2746 3724 huc

676 3737 873 3802 etiam
929 3738 1119 3802 talia:
1209 3739 1394 3804 Libr.
1452 3739 1621 3804 XII.
1690 3763 1752 3824 p.
1814 3741 1959 3805 709.
2029 3739 2116 3804 D.
2174 3745 2435 3806 παίδων
2512 3746 2743 3829 θρέμ-

672 3844 887 3906 ματα;
933 3823 1116 3890 Libr.
1150 3822 1279 3889 IX.
1373 3873 1388 3889 .
1436 3826 1580 3896 874.
1612 3824 1697 3888 Ι).
1742 3825 2199 3913 ξυγγεννήτωρ
2243 3831 2523 3912 τέκνων,
2572 3829 2629 3894 i.
2678 3853 2745 3914 q.

673 3901 950 3992 ἅλοχοςτ
1030 3908 1209 3975 Libr.
1271 3847 1434 3974 Vll.
1496 3931 1559 3992 p.
1624 3910 1767 3973 795.
1836 3909 1914 4001 Ε.
2032 3908 2320 3990 Μούσης
2372 3911 2552 3993 λέξις
2610 3937 2747 3999 pro

675 3995 969 4073 ποίησιςε
1021 3993 1204 4092 Libr3
1245 3993 1405 4060 VII.
1502 4041 1516 4058 .
1564 3992 1707 4059 796,
1760 3993 1840 4060 Ε.
1902 3997 2358 4063 Μουσῶν-καὶ
2398 3995 2747 4100 'dapum-

623 4157 632 4162 -
675 4077 1794 4252 .-320520112..1.:²bf·1.5..5-.1÷·2.⁷82
1842 4079 2175 4233 320322235„
2212 4083 2747 4252 {zzssffiffit
