2857 4738
875 325 1006 390 DE
1055 323 1477 396 LEGIBUS
1534 337 1660 392 etc.
2032 331 2279 398 LXXI

197 512 297 576 que
341 491 435 570 μῦ
447 492 594 556 θοι
657 490 780 556 isti
841 500 1020 558 certe.
1055 492 1248 558 salvi
1307 503 1467 560 sunt
1525 495 1851 580 planeque
1919 497 2273 581 Platonici,

197 586 260 640 nt
311 574 572 640 iniuria
634 575 1002 644 videantur
1062 579 1400 644 sollicitati
1460 601 1631 645 esse.
1736 582 2055 648 Similiter
2114 605 2273 650 vero

185 661 374 724 etiam
453 660 550 726 de
641 666 1232 747 παραμυθεῖσθαι
1307 674 1378 728 et
1448 662 1926 750 παραμύθιον.
1992 667 2275 733 iudicari

187 755 493 844 oportet,
561 745 754 829 quod
815 747 1261 815 vehementer·
1298 749 1613 814 miramur
1672 773 1803 835 quo
1861 762 2061 838 pacto
2122 753 2275 838 quis

181 830 414 896 dicere
471 831 785 917 potuerit
847 854 888 894 a
949 833 1229 915 Platone
1286 833 1384 898 de·
1430 855 1566 898 una
1610 835 2075 902 cohortatione
2117 859 2275 902 con·-

179 916 518 980 solatoria
589 916 902 1002 usurpari
963 919 1451 984 consuevisse..
1518 919 1696 986 Nam
1754 921 1915 1007 quid
1988 923 2087 988 rei
2159 922 2273 1004 sit,

175 1000 468 1066 docebit
531 1002 882 1068 annotatio
938 1012 1169 1068 nostra
1225 1002 1328 1067 ad.
1371 1003 1711 1070 Phaedon.
1755 1028 1835 1090 -Ρ,
1900 1008 2005 1070 70.
2061 1008 2140 1072 Β.
2204 1017 2277 1071 et

175 1086 462 1153 Politic-
532 1111 603 1170 p.
665 1088 810 1152 268.
858 1087 948 1150 Β.
1061 1087 1389 1154 Nolumus
1452 1090 1644 1168 ,enim
1711 1089 1839 1156 hoc
1910 1091 2061 1156 loco
2132 1113 2273 1156 rem

177 1170 414 1236 denuo
497 1167 911 1256 disceptare..
994 1169 1136 1238 Iam
1199 1187 1351 1238 ve'ro
1440 1174 1497 1238 si
1572 1175 1911 1259 quaeritur
1982 1175 2069 1240 de
2144 1199 2274 1242 usu

179 1257 382 1322 verbi
447 1257 766 1340 ἐπᾴδειν,
827 1263 971 1320 toto
1033 1257 1220 1323 coelo
1267 1259 1512 1342 aliquis
1559 1282 1597 1323 a
1640 1273 1823 1325 recto
1868 1260 2275 1326 aberraverit

176 1341 356 1406 illud
419 1365 552 1427 pro
614 1341 900 1428 simplici
961 1343 1176 1420 λέγειν
1241 1343 1551 1428 usurpari
1611 1345 2029 1428 existimans,
2072 1346 2273 1412 sicuti

181 1426 380 1494 Libr.
454 1426 562 1490 VI
649 1450 732 1510 p..
775 1429 918 1491 773.
981 1427 1068 1494 D.
1125 1427 1254 1495 IX.
1319 1451 1384 1514 p.
1442 1431 1588 1496 854.
1650 1429 1729 1496 C.
1816 1429 2083 1494 Etenim
2142 1430 2273 1496 hoo

181 1533 474 1596 quoque
526 1513 816 1599 -verbum
875 1510 1227 1598 eleganter„
1277 1525 1345 1581 et
1417 1536 1625 1580 more.
1660 1514 1854 1600 plane
1918 1514 2273 1580 Platonico

181 1605 602 1680 usurpatum
659 1613 806 1662 esse
865 1597 1326 1664 contendimus
1384 1598 1466 1664 de
1514 1599 1943 1685 persuasione
1964 1648 1983 1682 ‚
2032 1621 2271 1666 conso-

181 1683 490 1762 latione,
543 1679 1039 1766 admonitione,-
1077 1682 1497 1750 demulcendi
1542 1685 1841 1770 et·quasi
1885 1683 2271 1750 incantandi

183 1768 258 1832 vi
303 1765 651 1852 praedita.⁸⁴
751 1766 990 1852 Neque
1047 1768 1239 1833 simili
1273 1769 1633 1856 elegantia
1692 1780 1875 1835 caret
1932 1791 2094 1836 usus
2154 1791 2269 1854 vo:

189 1853 433 1918 sabuli
488 1851 732 1934 ὑμνεῖν
791 1861 860 1918 et
897 1859 1358 1952 χρησμῳδεῖν,
1403 1853 1475 1918 id
1522 1854 1701 1939 quod
1750 1854 2133 1940 diligentior
2174 1853 2271 1918 lo-

189 1960 431 2002 corum
491 1936 958 2021 interpretatio
1019 1937 1210 2002 facile
1271 1938 1551 2004 evincet.
1656 1939 1864 2004 Porro
1925 1938 2105 2022 quod
2148 1940 2273 2004 du·

192 2025 456 2089 bitatur
507 2021 596 2086 de
640 2021 855 2087 verbis
901 2023 1247 2104 ἀξιώματα
1295 2029 1412 2088 τοῦ
1456 2028 1683 2107 ἄρχειν
1730 2035 1799 2089 et
1840 2025 2011 2107 πρός
2036 2023 2270 2105 ἄρχον-

195 2134 334 2185 τας,
396 2109 538 2172 ista
597 2106 932 2193 quomodo
989 2107 1423 2194 intelligenda
1468 2110 1633 2192 sint,
1698 2119 2080 2194 comparato
2124 2109 2273 2174 loc‘o

195 2193 382 2258 Libr.
453 2193 584 2258 IV.
635 2217 698 2278 p.
748 2195 892 2258 714.
943 2193 1028 2258 D.
1073 2194 1338 2258 minime
1383 2194 1741 2260 obscurum
1786 2205 1919 2275 est,
1970 2193 2273 2276 quando-

201 2277 479 2362 quidem,
517 2277 614 2342 ibi
663 2278 803 2342 sine
851 2277 985 2340 ulla
1031 2277 1445 2342 dubitatione
1492 2301 1613 2362 pro
1662 2279 1840 2363 vulg.
1890 2286 1957 2341 ἕν
2006 2285 2276 2342 ἐκείνων

201 2367 342 2428 τῶν
389 2364 822 2447 ἀδικημάτων
865 2363 1078 2446 ἀρχῆς
1117 2363 1354 2449 refingi
1402 2371 1668 2449 oportet
1714 2369 1783 2437 ἕν
1832 2366 2097 2427 ἐκείνων
2140 2362 2275 2426 τῶν

185 2446 652 2531 ἀξιωμάτων,
722 2448 912 2513 cuius
972 2447 1439 2533 interpretatio
1503 2461 1605 2513 est
1660 2446 1841 2532 quod
1890 2445 2001 2510 alii
2045 2446 2275 2512 volue-

201 2544 362 2599 runt
417 2534 916 2615 ι)“ικαιω,ιιάτων.
1020 2534 1288 2621 Quippe
1348 2543 1679 2603 vocantur,
1716 2530 2065 2613 ἀξιώματα
2108 2530 2275 2597 iudi·

197 2621 336 2702 eia,
407 2620 656 2705 quibus
719 2620 872 2702 quis
930 2620 1034 2683 vel
1081 2620 1208 2685 sibi
1266 2619 1400 2701 ipsi
1445 2618 1550 2682 vel
1596 2617 1741 2683 aliis
1790 2617 2015 2701 aliqua
2058 2640 2131 2681 re
2163 2615 2276 2691 di-

195 2728 371 2791 gnus
445 2726 628 2769 esse·
669 2702 972 2784 videtur,
1053 2703 1226 2767 unde
1281 2702 1685 2771 ,Germanice
1748 2702 1939 2767 reddi
2015 2712 2275 2787 potest:

197 2788 731 2875 Anspriiche
774 2789 922 2853 auf
957 2799 1239 2855 etwaS.
1342 2790 1452 2853 Ita
1512 2789 1709 2855 etiam
1752 2788 2276 2853 Plutarchus

195 2874 250 2940 Ι.
315 2900 384 2961 p.
435 2878 587 2941 644.
636 2876 718 2939 A.
767 2899 829 2961 p.
877 2875 1024 2939 922.
1089 2876 1171 2938 A.
1200 2898 1264 2959 p.
1296 2876 1443 2940 986.
1490 2873 1568 2939 F.
1614 2899 1679 2960 p.
1726 2876 1871 2938 992.
1908 2872 1989 2937 B.
2034 2871 2276 2937 identi-

193 2959 345 3025 dem
391 2960 610 3045 ἀρχῆς
651 2959 913 3039 ἀξίωμα
957 2958 1148 3041 dixit,
1199 2960 1274 3023 in.
1313 2982 1445 3044 quo
1512 2958 1864 3024 manifesto
1918 2957 2277 3026 auctorita·

195 3058 328 3109 tem
415 3044 718 3111 Platonis
799 3053 1126 3127 sequutus
1195 3052 1316 3109 est.
1468 3044 1575 3109 Ac
1658 3043 1966 3107 similiter
2034 3039 2279 3108 dicitur

192 3130 578 3211 ἀξίωσις
640 3126 1011 3213 Thucyd.
1073 3127 1204 3194 III.
1269 3131 1329 3193 9.
1382 3127 1504 3191 οὐκ
1551 3124 1787 3203 ἄδικος
1830 3125 2002 3203 miti)
2053 3122 2091 3203 ἡ
2138 3123 2277 3205 oigi-

197 3238 382 3291 ωσις.
445 3214 562 3281 ubi
628 3216 818 3299 plura
875 3212 1300 3299 DukeruS.
1373 3211 1549 3277 conf.
1635 3213 1835 3277 etiam
1920 3208 2279 3276 Thomas

199 3301 418 3386 Mag.
485 3324 552 3385 p.
627 3302 742 3365 784·
779 3310 926 3383 sq’q.
995 3298 1229 3383 ibique
1293 3298 1508 3381 intpp.
1598 3294 1851 3361 Verum
1907 3294 2071 3361 satis
2114 3294 2281 3361 haec

209 3384 284 3449 ad
355 3384 845 3451 confutandum
913 3393 1356 3451 commentum
1450 3380 1656 3463 illud,
1731 3404 1863 3465 quo
1930 3378 2283 3462 ἀξιώματα

210 3475 322 3538 τοῦ
369 3469 606 3555 ἄρχειν
653 3478 724 3535 et
763 3466 936 3555 πρὸς
977 3465 1308 3553 ἄρχοντας
1355 3466 1735 3552 significare
1780 3464 2077 3531 iudicata
2125 3473 2285 3529 sunt

207 3555 624 3621 rationes
697 3552 1178 3639 imperandi
1256 3549 1812 3638 parendique.
1928 3550 2280 3638 Pergimus

209 3639 288 3705 ad
343 3642 546 3707 aliam
613 3639 978 3708 dictionem
1041 3636 1344 3703 similiter
1405 3644 1729 3701 vexatam.
1850 3634 2032 3701 Mire
2108 3635 2283 3700 enim

203 3725 683 3811 interpretatus
765 3733 868 3789 est
935 3721 1168 3789 sollers
1242 3720 1511 3788 criticus
1594 3719 1753 3798 τοὺς
1824 3720 1994 3787 κατὰ
2073 3718 2283 3785 πόλιν
2322 3779 2330 3789 ,

204 3810 489 3898 καιρούς
545 3835 628 3878 eo
679 3808 914 3891 modo,
960 3830 1094 3891 quo
1137 3829 1340 3893 supra
1382 3805 1633 3874 dictum
1676 3815 1819 3884 est3
1882 3806 1997 3889 qui
2044 3803 2281 3887 quales

203 3896 358 3983 sint,
407 3899 518 3965 vel
585 3896 912 3961 Latinum
980 3892 1177 3957 illud:
1241 3902 1623 3977 tempora
1676 3889 2281 3985 reipublicae,

207 3982 557 4051 admonere
638 3988 933 4068 poterat.
1063 3976 1198 4043 Sed
1257 3976 1383 4041 hoc
1464 3976 1729 4060 quidem
1799 3984 2133 4057 tamquam
2214 3993 2283 4037 m

205 4080 612 4139 transcursu.
719 4066 872 4131 Iam
929 4086 1086 4127 vero
1128 4062 1242 4125 illa
1287 4062 1417 4126 III.
1465 4085 1531 4146 p.
1582 4064 1727 4125 701.
1777 4060 1895 4139 (3.,
1952 4077 2123 4140 quae
2170 4078 2281 4123 su·-

201 4167 500 4241 speetata
565 4161 772 4233 sunt,
847 4148 1118 4235 poetica
1175 4168 1317 4211 esse
1377 4145 1857 4231 propemodum
1917 4141 1987 4209 in
2049 4140 2281 4209 oculos
