2857 4738
677 332 836 399 CVl
853 333 914 395 ll
1287 332 1292 337 ’
1319 332 1501 397 PRO
1512 330 2056 397 LEGOMENA

607 582 612 587 q
669 499 1002 569 buendum
1043 524 1431 585 censemus,
1494 511 1569 567 ut
1612 503 1715 566 vel
1760 502 1956 566 unius
2004 500 2388 567 Aristotelis
2428 498 2698 577 auetori-

603 590 609 597 ’
665 599 770 651 tas
834 588 1136 653 omnibus
1201 613 1240 652 o
1289 588 1625 654 inionibus
1692 609 1953 668 eorum,
2030 586 2146 670 qui
2216 587 2473 672 Legum
2542 605 2697 671 opus

667 682 1050 756 suspectum
1108 612 1286 739 redd)

667 756 886 823 nenda
909 757 1260 825 ‘videntum
1365 761 1595 841 Atque
1654 756 1815 823 haec
1880 757 2101 822 omnia
2160 778 2362 843 quum
2426 756 2521 821 ita
2562 777 2699 829 sese

665 842 976 924 habeant,
1019 845 1320 929 profecto
1347 864 1761 927 consequens
1788 853 1913 925 est,
1960 852 2035 907 ut
2057 856 2409 931 germanus
2464 843 2699 927 begu-m

666 937 852 993 ortus
896 928 982 993 ab
1039 929 1347 995 omnibus
1403 928 1681 1015 agnosci
1726 927 1999 1006 debeat;
2070 926 2429 993 naevorum
2498 935 2697 991 autem

667 1014 850 1099 operi
903 1012 1376 1097 adspersorum
1444 1035 1717 1080 caussas
1802 1012 2235 1079 declarandas
2305 1020 2477 1077 esse'
2532 1020 2700 1096 patet

665 1121 750 1163 ex
805 1097 958 1165 eius
1015 1098 1348 1165 natalibus
1405 1099 1837 1183 atquefatis,
1888 1097 1973 1163 de
2030 1098 2273 1183 quibus
2318 1096 2700 1181 explicatum

659 1193 770 1247 est
827 1182 896 1249 in
953 1184 1434 1269 superioribus·
1530 1184 1797 1271 Quippe
1856 1184 1987 1249 hoc
2039 1194 2117 1249 ut
2194 1184 2289 1247 ita
2362 1192 2699 1261 statuatur,

666 1277 854 1334 tanto
899 1270 1110 1357 magis
1165 1279 1270 1338 est
1315 1272 1793 1344 necessarium,
1848 1268 2028 1353 quod
2052 1316 2073 1350 ,
2131 1269 2189 1334 si
2240 1270 2500 1354 Legum
2546 1288 2701 1353 opu-s

665 1377 998 1422 sumamus
1061 1355 1320 1420 Platoni
1379 1378 1499 1442 per
1552 1355 1790 1421 malam
1850 1352 2153 1419 fraudem·
2204 1376 2350 1419 esse
2410 1352 2701 1438 supposi-

665 1451 842 1521 tum,
903 1440 1218 1505 continuo
1263 1443 1394 1528 ipsi
1435 1441 1661 1507 multis
1704 1440 2093 1527 magnisque
2133 1439 2544 1525 implicamur
2586 1437 2702 1501 dif-

1275 696 1384 737 ere
1448 672 1668 738 eonati
1728 682 1918 754 sunt,
1992 670 2393 757 longissime·
2412 679 2727 755 :antepor
2790 697 2795 735 ὲ

665 1525 1114 1607 ficultatibus,
1175 1549 1340 1610 quas
1397 1526 1707 1613 expedire
1770 1548 1961 1589 nemo
2006 1524 2360 1609 quisquam
2494 1523 2702 1589 tuerit.
2792 1560 2795 1599 ς

641 1610 934 1693 ,Tr-ibuit
991 1610 1156 1675 illud
1215 1612 1372 1676 olim
1431 1612 1817 1677 Zellerus
1879 1610 2190 1695 Philippo
2248 1610 2345 1674 illi
2461 1610 2702 1695 puntio,
2792 1636 2794 1685 j

665 1716 859 1780 quem
933 1710 1189 1761 veteres
1257 1698 1641 1783 scriptores·
1685 1707 1959 1761 narrant·
2008 1698 2148 1761 eius
2206 1696 2509 1760 extitisse
2610 1708 2705 1759 ost
2792 1734 2794 1753 J

665 1790 940 1847 mortem
1021 1781 1316 1848 Platonis
1381 1782 1721 1850 editorem.
1812 1780 1994 1863 Quid
2041 1780 2239 1845 vero?
2283 1782 2401 1865 qui
2448 1786 2563 1846 tan
2608 1803 2702 1844 em

665 1867 912 1932 {actum
969 1888 1118 1931 esse
1175 1866 1596 1954 putabimus,
1658 1878 1735 1933 ut
1786 1866 1983 1933 homo
2028 1864 2515 1932 eruditissimus
2554 1862 2704 1929 illud

663 1974 798 2017 non
839 1950 972 2015 sibi
1014 1952 1035 2015 i
1085 1952 1162 2033 si,
1207 1953 1328 2019 sed
1374 1953 1637 2019 Platoni
1680 1951 1905 2039 potius
1944 1950 2397 2017 adscriberet?
2490 1950 2704 2017 Enim-

663 2058 822 2101 ·vero
889 2036 1004 2101 illu
1097 2038 1156 2104 si
1201 2040 1465 2104 veritati
1510 2038 1982 2107 convenienter
2026 2038 2327 2119 fecisset,
2371 2035 2557 2102 haud
2594 2035 2703 2099 du·

665 2122 770 2187 bie
799 2124 1088 2189 futurum
1117 2135 1283 2207 erat,
1329 2135 1407 2189 ut.
1438 2125 1721 2189 nominis
1764 2123 1869 2189 sui
1902 2126 2113 2188 famae
2150 2133 2217 2187 et
2246 2122 2706 2189 existimationi

663 2206 844 2293 apud
885 2210 1144 2274 'omnem
1187 2212 1643 2295 posteritatem
1692 2232 1823 2274 uon
1850 2207 2273 2275 mediocriter
2312 2207 2703 2287 consuleret,

663 2294 852 2359 cuius
909 2294 1124 2381 ipsum
1183 2318 1316 2360 non
1383 2296 1585 2361 fuisse
1646 2295 2052 2361 incuriosum
2114 2294 2221 2358 vel
2278 2316 2359 2358 ex
2428 2317 2513 2359 eo
2571 2315 2704 2380 per-

661 2379 978 2465 spicitur,
1035 2380 1214 2464 quod
1276 2382 1342 2446 in
1399 2381 1617 2448 doctis
1676 2381 1989 2466 operibus
2046 2379 2467 2445 elaborandis
2522 2379 2705 2445 solito

663 2465 1028 2530 studiosius
1092 2480 1390 2532 versatus
1450 2491 1595 2534 esse
1652 2477 1977 2532 narratur.
2077 2465 2175 2530 ‚Et
2236 2466 2385 2550 quis
2466 2487 2705 2550 quaeso

661 2560 766 2614 est
811 2551 922 2634 qui
970 2549 1097 2615 sibi
1143 2553 1568 2636 persuadeat,
1614 2553 1911 2618 futurum
1956 2551 2187 2634 fuisse,
2234 2565 2311 2616 ut
2352 2552 2543 2616 fraus
2584 2551 2707 2614 ista

664 2657 794 2700 non
857 2635 1174 2700 continuo
1227 2638 1860 2703 animadverteretur·
1915 2637 1998 2702 ab
2045 2637 2433 2720 aequalibus
2454 2685 2475 2720 ,
2526 2636 2704 2722 prae·

661 2720 890 2795 sertim
971 2742 1170 2803 quum
1241 2723 1677 2806 Aristotelea,
1760 2722 2203 2808 Speusippus,
2268 2722 2703 2803 Xenocrates,

663 2803 774 2870 alii
817 2804 1114 2870 Platonis
1163 2805 1469 2895 discipuli
1498 2832 1577 2874 ac
1620 2809 1999 2888 familiares,
2046 2809 2158 2891 qui
2202 2808 2407 2892 probe
2451 2807 2705 2872 novisse

663 2899 997 2976 poterant,
1045 2913 1394 2974 quemnam
1442 2895 1815 2960 studiorum
1846 2915 2111 2960 cursum
2144 2893 2461 2978 magister
2486 2893 2705 2959 ultimo

663 2977 838 3043 vitae
894 2984 1190 3062 tempore
1235 2980 1594 3064 tenuisset,
1656 2983 1851 3046 etiam
1908 2989 2050 3043 tum
2112 2978 2180 3042 in
2224 2979 2395 3042 vivis
2446 2975 2705 3044 essent?

665 3061 950 3126 Accedit
993 3060 1078 3125 ad
1122 3063 1308 3161 haec,
1357 3066 1561 3150 quod,
1610 3074 1930 3150 quantum
1976 3061 2245 3149 quidem
2290 3087 2375 3127 ex
2418 3064 2706 3129 testimo·
2747 3137 2753 3144 ,

661 3147 786 3212 niis
848 3146 930 3214 de
985 3147 1296 3235 Philippo
1350 3151 1465 3217 illo
1524 3153 1801 3236 eiusque
1858 3149 2069 3214 doctis
2142 3147 2385 3214 studiis
2430 3147 2707 3235 proditis

659 3232 972 3319 colligere
1017 3234 1234 3316 liceat,
1283 3237 1404 3300 viri
1450 3237 1789 3324 ingenium
1818 3233 2347 3318 ‘haudquaquam
2397 3234 2529 3298 tale
2564 3233 2705 3314 fuit,

661 3317 836 3382 unde
893 3318 1106 3404 ipsum
1165 3319 1250 3385 ad
1306 3323 1561 3408 Legum
1614 3321 2039 3408 scriptionem
2084 3320 2369 3384 animum
2418 3341 2703 3402 unquam

659 3401 982 3468 adiecisse
1043 3407 1424 3471 verisimile·
1453 3408 1602 3485 fiat3
1666 3407 1749 3473 de
1808 3427 1937 3490 qua
1980 3427 2051 3470 re
2096 3405 2164 3470 in
2214 3403 2704 3490 prolegomenis
2774 3477 2779 3484 ,

657 3487 794 3552 ad·
815 3488 1308 3573 Epinomidem‘
1355 3493 1748 3578 explicatius
1798 3490 2105 3556 dicetur.
2224 3491 2469 3573 ltaque
2528 3489 2705 3556 illum

659 3571 796 3658 qui·
835 3595 958 3656 pro
1037 3577 1207 3640 tanti
1265 3579 1485 3664 operis
1538 3579 1883 3644 conditore
1956 3585 2219 3661 praeter
2288 3573 2705 3659 antiquitatis

657 3655 851 3722 fidem
880 3657 1255 3726 habendum
1285 3671 1619 3748 censeant,
1666 3665 1713 3728 ii
1744 3660 2051 3742 viderint,
2098 3685 2179 3726 ne
2210 3660 2479 3742 nodum,
2518 3682 2707 3744 quem

657 3741 964 3830 expedire
1009 3757 1353 3830 conentur,
1401 3750 1601 3814 etiam
1646 3747 1931 3814 reddant
1972 3745 2329 3832 aliquando
2376 3744 2705 3810 difficilio‘-

657 3853 812 3895 rem.
841 3854 867 3893 ..‘
929 3829 1501 3911 Quemadmodum
1578 3850 1797 3900 autem
1875 3827 2289 3917 Philippum'
2335 3829 2705 3914 Opuntium

657 3937 885 4000 parum
945 3914 1262 3982 credibile
1321 3930 1427 3982 est
1484 3920 1703 4006 Leges
1754 3919 1963 4004 vulgo
2028 3915 2289 3984 Platoni
2334 3915 2706 4000 adscriptas

655 4009 770 4064 aut
829 4001 1206 4070 condidisse
1259 4015 1376 4070 aut
1417 4006 1543 4071 sub
1590 4007 1851 4071 nomine
1908 4003 2265 4068 clarissimi·
2301 3999 2703 4086 philosophi,

657 4085 944 4154 admissa
1001 4087 1268 4170 fraude,
1333 4089 1818 4192 divulgavisse,
1896 4090 1999 4154 'ita
2060 4112 2181 4153 nec
2237 4087 2441 4152 ullum
2506 4086 2703 4150 alium

639 4171 1046 4254 ‘scriptorem
1075 4174 1282 4242 ,illius
1341 4187 1579 4246 aetatis
1640 4177 1709 4253 id
1756 4186 2056 4244 acturum
2102 4173 2303 4240 fuisse
2350 4170 2703 4238 verisimile
