2857 4738
594 355 748 425 xx·
771 433 776 438 ,
1246 351 1973 448 ΡηοιΕθοΜΕΝᾼ

595 525 777 592 Dum
836 539 992 590 vero
1053 525 1217 590 haec
1281 527 1376 589 ita
1451 520 1841 591 enarrantur
1902 531 2100 610 atque
2176 519 2647 603 diiudicantur‚

597 633 809 676 sermo
877 619 1189 695 tanquam
1261 633 1378 696 per
1462 610 1877 676 occasionem
1937 607 2230 674 defertur
2302 607 2501 671 etiam
2560 605 2652 671 ad

595 697 856 761 tertiam
897 697 1230 778 virtutem,
1287 695 1416 760 hoc
1452 706 1593 777 est,
1654 694 1739 759 ad
1779 691 2327 779 prudentiam
2368 693 2474 771 vel
2508 708 2645 756 ’sa-

597 781 1052 867 pientiam·⁹
1119 779 1204 844 de
1267 803 1399 864 qua
1456 779 1611 845 inde
1668 803 1708 844 a
1750 803 1815 866 p.
1874 781 2021 843 687.
2071 779 2151 844 Ε.
2196 800 2406 861 usque
2451 777 2537 842 ad
2578 801 2649 864 p.

599 869 744 932 693.
795 865 872 931 C.
926 867 1022 930 ita
1067 865 1486 949 disputatur,
1547 878 1621 928 ut
1676 865 1743 930 in
1800 864 2017 950 legum
2077 862 2488 928 ferendarum
2534 885 2652 928 ne-

600 952 788 1038 gotio
848 951 964 1016 illa
1024 949 1186 1014 nihil
1245 950 1514 1036 gravius
1561 970 1703 1014 esse
1758 948 2147 1014 ostendatur
2194 957 2309 1012 aut
2351 957 2651 1032 praesta-

599 1036 836 1119 bilius,
900 1035 1147 1122 quippe
1193 1057 1364 1118 quae
1405 1057 1539 1098 una
1584 1035 1858 1116 doceat,
1906 1033 2066 1124 quid
2106 1030 2517 1121 potissimum
2562 1033 2675 1097 ad'
2746 1033 2748 1036 ⁴

599 1119 1227 1208 rerumpublicarum
1288 1119 1565 1186 salutem
1645 1129 1709 1182 et
1787 1119 2165 1184 felicitatem
2230 1118 2653 1184 conducibile

601 1207 706 1272 sit.
824 1209 1049 1292 Atque
1113 1205 1274 1276 haec
1335 1228 1601 1290 quoque
1661 1214 2039 1290 opportuno
2094 1205 2243 1270 loco
2316 1204 2653 1290 interponi

603 1293 752 1375 quis
797 1301 916 1356 est‘
944 1291 1103 1374 quin
1169 1297 1290 1356 sua
1331 1301 1567 1376 sponte
1614 1289 2135 1368 animadvertat?
2224 1289 2399 1354 Nam
2444 1311 2651 1372 quum

601 1376 709 1443 hic
767 1375 850 1440 de
907 1376 1386 1464 gubernatione
1447 1386 1513 1440 et
1555 1375 1828 1461 imperio
1875 1375 2214 1454 civitatum
2259 1373 2650 1455 disseratur,

600 1460 900 1546 profecto
965 1461 1244 1534 infertur
1306 1459 1843 1546 prudentissime·
1887 1459 2379 1546 sapientiae
2438 1459 2651 1545 expli-

603 1547 778 1612 catio
823 1555 890 1610 et
932 1545 1416 1614 commendatio
1464 1554 1837 1632 propterea,
1886 1545 2065 1630 quod
2114 1545 2281 1610 haec
2323 1545 2473 1630 ipsa
2516 1544 2653 1608 vir-

601 1640 712 1696 tus
769 1631 1047 1696 maxime
1091 1631 1563 1717 imperantium
1642 1639 1841 1714 atque
1897 1632 2117 1717 legum
2174 1629 2442 1715 propria
2498 1648 2652 1695 esse

603 1719 962 1798 censetur,⁴
1007 1717 1242 1800 quibus
1319 1717 1572 1804 regitur
1630 1715 2025 1800 respublica.
2130 1714 2461 1796 Quocirca
2537 1715 2653 1780 hic

601 1801 930 1866 simillima
988 1811 1088 1866 est
1145 1802 1310 1866 ratio
1372 1811 1574 1886 atqu‘e
1630 1801 1699 1879 in
1736 1799 2013 1866 ‘duobus
2056 1799 2240 1866 libris
2274 1799 2673 1886 prioribus.¹

603 1885 1171 1968 Quemadmodum
1213 1889 1386 1953 enim
1425 1889 1497 1952 -in
1545 1886 1649 1950 his
1697 1903 1843 1951 cum
1872 1908 2153 1952 censura
2195 1885 2657 1963 institutorum

603 1970 1014 2055 quorundam
1075 1972 1549 2058 Spartanorum
1607 1972 1711 2036 vel
1770 1970 2180 2036 Creticorum
2242 1971 2311 2034 et
2378 1971 2668 2036 Atticos

600 2079 744 2121 rum
801 2057 964 2122 scite
1021 2058 1375 2124 coniuncta
1432 2065 1537 2122 est
1580 2056 1943 2141 disputatio
1990 2057 2071 2121 de
2115 2055 2653 2120 fortitudine

603 2163 680 2206 ac
725 2143 1323 2227 temperantia,
1372 2143 1468 2207 ita
1511 2142 1577 2206 in
1624 2143 1823 2207 tertio
1864 2141 2035 2210 libro
2080 2163 2225 2206 cum
2268 2140 2527 2207 iudicio.
2562 2139 2653 2206 de

601 2226 816 2310 initio,
863 2236 1063 2311 statu,
1109 2228 1424 2314 regimine
1470 2237 1537 2292 et
1582 2228 1847 2306 fortuna
1874 2225 2439 2292 celeberrimarum
2482 2223 2651 2291 civi-

603 2322 812 2386 tatum
876 2324 988 2379 tan
1039 2335 1186 2380 uam
1248 2336 1380 2400 per·
1425 2313 1841 2379 occasionem
1904 2311 2333 2378 consociatur
2414 2309 2649 2377 adum·-

605 2399 817 2465 bratio
877 2408 944 2465 et
1046 2400 1356 2486 escriptio
1417 2399 1959 2486 sapientiae,
2020 2420 2189 2482 quae
2246 2396 2650 2481 reliquarum

602 2484 919 2550 virtutum
981 2486 1168 2567 quasi
1231 2485 1463 2571 regina
1505 2484 1826 2568 quaedam
1872 2505 2018 2549 esse
2063 2481 2411 2547 iudicatur.
2500 2482 2649 2547 Iam

601 2590 758 2633 vero
817 2568 922 2633 his
981 2568 1271 2649 iudea
1329 2569 1547 2633 Libr.
1620 2568 1751 2632 III.
1810 2593 1874 2655 p.
1954 2570 2099 2633 693.
2160 2568 2245 2633 D.
2308 2565 2651 2643 adduntur

602 2652 798 2717 etiam
860 2653 1175 2719 nonnulla
1235 2652 1317 2717 de
1376 2652 1691 2719 felicitate
1756 2675 1834 2719 ac
1890 2653 2101 2718 salute
2162 2652 2499 2722 civitatum
2570 2652 2646 2728 in

603 2738 1055 2821 libertate,
1103 2737 1566 2804 concordia
1610 2749 1679 2805 et
1722 2738 2151 2826 sapientia
2194 2738 2645 2824 posita,·quae

601 2822 821 2889 omnia
879 2822 1070 2889 unice
1131 2846 1212 2889 ex
1267 2823 1633 2890 virtutibus·
1677 2822 1807 2889 illis
1870 2825 1938 2889 in
1998 2846 2199 2905 unum
2273 2823 2645 2895 coniunctis
2707 2893 2716 2898 ⁴

601 2908 791 3003 quasi
837 2906 1274 2979 efflorescant,
1365 2907 1699 2991 Quocirca
1740 2908 1849 2973 hic
1890 2926 2223 2993 tanquam·
2246 2908 2317 2973 in
2360 2909 2644 2975 transitu

601 2992 796 3058 etiam
862 2992 944 3058 de
999 2994 1080 3061 iis
1139 2994 1596 3079 admonemur,
1656 3016 1828 3079 quae
1869 2994 1937 3058 in
1983 2994 2244 3059 civitate
2287 2992 2641 3059 virtutibus

599 3077 729 3143 illis
789 3088 1020 3145 ornata
1075 3091 1150 3145 ut
1211 3080 1778 3167 praestantissima
1834 3079 2007 3145 bona
2051 3078 2377 3144 oriantur:
2450 3079 2643 3144 Haec

599 3163 806 3251 igitur
865 3187 1076 3250 usque
1121 3164 1211 3229 ad¹
1251 3166 1497 3231 exitum
1541 3165 1693 3230 libri
1736 3164 1949 3246 tertii,
1998 3164 2107 3247 qui
2156 3164 2281 3229 etsi
2328 3164 2643 3228 nonnulla

598 3248 826 3331 habet,
880 3251 949 3314 in
995 3245 1234 3335 quibus
1277 3251 1467 3317 facile
1512 3249 1845 3333 offenda85
1890 3258 2110 3315 tamen
2154 3270 2300 3313 cum
2345 3250 2641 3316 universi

599 3333 818 3419 operis
863 3356 1180 3423 compage
1226 3336 1490 3411 omnino
1532 3335 1805 3401 censeri·
1832 3332 2029 3418 debet
2058 3334 2448 3399 coniunctus
2492 3356 2643 3399 esse

598 3417 760 3482 satis
805 3428 981 3503 apte.
1071 3420 1438 3486 Acceditur
1470 3442 1634 3484 vero
1680 3419 1941 3501 dehinc,
1988 3418 2051 3482 h.
2098 3432 2189 3501 e..
2236 3420 2332 3484 ab
2375 3418 2641 3483 initio

579 3502 826 3587 ‘Liba
891 3503 1009 3567 1V.
1075 3530 1140 3589 p.
1197 3509 1342 3573 704.
1401 3507 1485 3571 A.
1552 3518 1634 3553 -'‘-
1682 3508 1827 3571 712.
1894 3508 1975 3567 A.
2037 3502 2122 3566 ad
2172 3502 2641 3591 describendas

599 3597 998 3653 externas
1057 3612 1318 3655 rerum
1373 3586 1964 3670 conditione8.,
2028 3588 2267 3671 quibus
2326 3612 2499 3654 nova
2542 3590 2638 3653 ei-

597 3672 766 3737 vitas
809 3681 1011 3738 usura
1067 3675 1189 3751 sit-3
1253 3698 1383 3760 quo
1442 3676 1589 3739 loco
1656 3673 1847 3739 simul
1906 3672 2061 3737 data
2097 3674 2448 3739 occasione⁴
2486 3674 2641 3759 plu-
2714 3753 2719 3757 .

597 3758 762 3823 rima
803 3758 1283 3825 interseruntur
1313 3760 1523 3825 civilis
1564 3758 1951 3845 prudentiae
2000 3769 2373 3843 praecepta.
2434 3758 2639 3840 Quod

599 3842 863 3927 quidem
939 3843 1575 3929 el-egantissime‘ita
1648 3866 1791 3913 esse
1865 3843 2231 3908 institutum
2310 3845 2641 3929 planeque

598 3950 719 3993 suo
783 3930 970 4010 loco,
1034 3950 1262 4011 nemo,
1327 3930 1601 4015 opinor,
1664 3928 1788 3993 erit
1848 3927 1959 4011 qui
2004 3938 2257 3999 temere!
2288 3929 2637 3996 inficietur.

600 4013 768 4077 Tum
812 4036 968 4078 vero
1009 4038 1071 4101 p.
1105 4016 1263 4095 ⁴712.
1311 4017 1395 4081 A.
1444 4036 1709 4097 usque
1752 4012 1847 4077 ad
1898 4014 2117 4078 hibr.
2182 4014 2265 4081 V.
2331 4038 2395 4099 p.
2462 4016 2637 4079 734.

597 4097 678 4161 Ε.
743 4097 834 4163 de
895 4099 1163 4186 legum
1226 4098 1693 4184 prooemiis
1753 4098 2138 4183 explicatur.
2242 4097 2441 4179 Quod
2490 4099 2639 4183 qui·

498 4234 513 4273 ζ
601 4181 744 4247 dem
791 4184 904 4248 ubi
951 4185 1324 4271 suscipitur,
1371 4184 1679 4251 continu-o
1724 4186 1918 4247 etiam
1974 4183 2321 4249 iustitia
2362 4184 2639 4248 infor-
