2857 4738
809 321 931 386 DE
984 282 1393 391 binemus
1444 334 1565 390 eto.
1704 363 1714 372 -
2043 311 2208 394 xm

126 489 285 556 dem
366 486 746 574 quidquam
827 493 1085 578 ineptae
1159 492 1631 560 redundantiae
1701 507 1817 561 aut
1893 499 2207 564 molestae

122 578 375 662 copiae
426 576 731 660 reperiri.
822 582 1049 662 Atque
1099 579 1262 643 haec
1306 581 1570 663 quidem
1611 592 1769 647 sunt
1813 581 2208 650 documenta

126 665 249 728 illa
317 665 741 749 importunae
788 662 1041 728 scilicet
1099 665 1564 730 exuberantiae
1617 668 1970 750 orationiS,·
2008 691 2206 752 quam

126 750 360 813 critici
430 749 623 834 gravi
686 771 964 816 censura
1021 759 1353 819 notarunt.
1446 751 1707 833 Quibus
1755 753 1915 837 quid
1961 755 2206 820 efficia-

123 849 269 916 tur,
324 834 439 898 vel
482 857 564 897 ex
610 833 736 916 his,
781 857 949 917 >quae
996 834 1301 919 diximus,
1346 837 1534 920 satiS,
1583 839 1835 924 opinor,
1881 839 2085 904 intelli
2139 864 2206 905 e-

120 935 264 986 tur.
396 917 673 1004 Quippe
752 919 1057 1008 vitiosam
1132 942 1275 984 esse
1350 924 1709 988 orationem
1788 923 1941 988 inde
2027 949 2112 990 nu
2142 926 2204 991 lo

120 1003 347 1071 modo
417 1004 727 1068 efficitur.
835 1007 927 1068 At
988 1005 1319 1084 enimvero
1370 1006 1531 1071 illud
1580 1007 1870 1093 quidem,
1919 1021 1993 1074 ut
2039 1011 2203 1076 dixi-

118 1114 329 1171 muS,
394 1088 575 1153 ultro
619 1089 1025 1176 largiendum
1071 1099 1209 1171 est,
1292 1091 1470 1172 quod
1533 1093 1662 1157 iam
1735 1104 1932 1159 antea
2001 1097 2204 1182 signi-

118 1176 543 1255 ficavimuS,
622 1197 767 1240 esse
830 1175 1211 1244 orationem.
1246 1174 1355 1239 hic
1422 1186 1488 1240 et
1559 1179 1695 1245 illie
1769 1181 2218 1266 copiosiorem

120 1275 348 1346 atque
410 1259 879 1325 verbosiorem.
983 1257 1192 1327 Cuius
1238 1269 1452 1326 tamen
1501 1263 1595 1326 rei
1641 1285 1941 1330 caussam
1989 1268 2094 1330 vel
2135 1269 2203 1334 in

120 1347 377 1414 senilis
426 1346 747 1410 sermonis
785 1344 1151 1409 imitatione
1173 1345 1311 1410 wel·
1348 1346 1413 1410 in
1459 1347 1798 1434 popularis
1841 1352 2203 1435 perspicui-

122 1429 300 1498 tatis
334 1428 601 1496 'studio
660 1429 936 1514 aliisque
995 1431 1193 1496 rebus
1234 1431 1560 1498 similibus
1607 1435 1886 1518 positam
1931 1455 2078 1500 esse
2123 1458 2203 1503 ex

122 1515 617 1604 superioribus·
657 1517 1077 1600 perspicuum
1122 1517 1261 1580 fore
1312 1517 1778 1584 existimamus

314 1685 649 1750 Venimus
711 1703 929 1769 porro.
968 1684 1052 1748 ad
1118 1709 1307 1752 usum
1370 1687 1874 1752 insolentiorum
1915 1689 2200 1754 ‘transla—

122 1777 436 1851 tionum,
465 1771 847 1856 imaginum,
883 1771 1353 1856 exemplorum,
1386 1774 1974 1858 comparationum,
2009 1797 2200 1858 quem

122 1858 373 1942 tetigit
439 1856 826 1920 Zellerus
892 1881 956 1941 p.
1020 1860 1121 1920 77.
1186 1868 1283 1942 sq.
1400 1855 1622 1940 'Quem
1685 1859 1951 1942 quidem
2009 1883 2200 1926 usum

123 1943 462 2029 scriptori
506 1965 733 2027 parum
779 1964 1089 2028 prospere
1156 1944 1436 2008 cessisse
1508 1945 1610 2008 vir
1653 1944 2074 2011 doctissimus
2121 1969 2201 2009 ox

124 2032 243 2094 his
325 2029 499 2093 locis
576 2025 1025 2114 demonstrare
1098 2023 1387 2092 studuit:
1470 2030 1649 2094 Libr.
1731 2030 1852 2096 IV.
1921 2052 1982 2114 p.
2053 2035 2198 2096 wo.

128 2121 225 2180 A.
268 2151 353 2160 -——
402 2113 485 2176 E.
532 2112 675 2195 (ubi
722 2111 993 2192 moleste
1026 2113 1153 2176 fert
1182 2113 1584 2180 medicorum
1619 2116 2198 2202 comparationem)

132 2200 273 2263 VI.
324 2221 391 2283 p.
438 2199 581 2262 769.
631 2199 716 2260 A.
764 2233 845 2243 --
892 2198 980 2264 D.
1042 2220 1173 2282 quo
1217 2199 1363 2264 loco
1407 2203 1580 2264 inter
1624 2223 1693 2264 se
1739 2210 2202 2284 comparantur

130 2287 203 2350 le
262 2307 378 2346 um
422 2293 723 2346 auctores
768 2291 835 2346 et
869 2283 1194 2368 pictores;
1243 2283 1363 2348 IV.
1412 2307 1478 2368 p.
1525 2287 1667 2364 712.
1719 2285 1810 2348 ΒΣ
1841 2285 1957 2350 ubi
2001 2285 2200 2350 lectio

134 2309 433 2455 vuffigata
472 2367 762 2433 fraudem
810 2369 1102 2453 peperit,
1152 2368 1274 2434 IV.
1334 2394 1398 2454 p.
1449 2373 1593 2435 717.
1641 2373 1726 2437 A.
1775 2369 1894 2435 VI.
1941 2394 2005 2454 p.
2055 2373 2199 2434 776.

142 2458 229 2521 B.
304 2453 393 2517 X.
451 2478 511 2541 p.
569 2456 716 2520 898.
782 2454 861 2517 B.
922 2454 1047 2519 IV.
1110 2468 1174 2538 p'.
1246 2456 1390 2519 718.
1439 2454 1522 2517 D.
1573 2455 1768 2519 VIII.
1817 2479 1880 2540 p.
1929 2458 2074 2521 834.
2115 2454 2198 2519 C.

140 2540 285 2605 XI.
362 2562 443 2625 p.-
502 2542 651 2604 935.
714 2543 799 2603 A.
918 2538 1107 2619 Quae
1189 2540 1496 2621 quoniam
1572 2550 1840 2625 propter
1908 2540 2200 2604 locorum

134 2622 650 2711 amplitudinem
696 2624 796 2713 in⁸
812 2624 1144 2711 praesenti
1200 2624 1466 2709 longum
1517 2635 1617 2689 est
1661 2625 2044 2713 diligentius
2090 2646 2202 2690 ex-

136 2712 415 2797 plorare
475 2718 542 2772 et
602 2708 758 2794 quid
823 2710 891 2772 in
959 2710 1049 2772 iis·
1086 2709 1243 2772 insit
1286 2710 1505 2774 vitiosi
1553 2710 1782 2775 sedulo
1831 2706 2198 2795 exquirere,

132 2797 363 2861 satius
438 2794 915 2864 duximus-'iu
963 2792 1470 2860 Commentariis
1547 2796 1824 2860 orationi
1903 2796 2202 2862 Platonis

134 2881 471 2948 subiectis
550 2890 833 2943 tractare
904 2881 1297 2945 accuratius.
1427 2881 1560 2947 Hic
1633 2882 1836 2965 igitur
1915 2882 2204 2946 sufficiet

134 2967 354 3033 verbo
416 2966 751 3051 profiteri,
814 2962 1026 3029 videri
1094 2965 1283 3030 nobis
1340 2968 1466 3031 ista
1510 2990 1773 3051 quoque
1821 2966 1916 3029 sic
1959 2968 2204 3049 scripta

134 3075 329 3132 esse,
396 3060 510 3132 ut,
571 3050 627 3114 si
686 3050 881 3114 modo
947 3050 1293 3115 universae
1354 3053 1673 3120 orationis
1717 3062 2009 3113 tenorem
2055 3049 2203 3112 dili-

136 3148 389 3225 genter
448 3134 960 3216 attender-imus,
1008 3138 1272 3199 omnino
1318 3138 1480 3200 nihil
1524 3137 1732 3219 inepti
1780 3133 2021 3197 habere
2067 3133 2203 3211 exi·-

134 3218 486 3287 ‘stimanda
554 3221 706 3285 sint.
753 3258 761 3263 -
816 3218 1231 3303 Quamquam
1294 3220 1456 3285 illud
1517 3220 1780 3305 quidem
1841 3240 1973 3282 non
2035 3218 2203 3284 imus

136 3308 440 3388 infitias,
501 3328 645 3371 esse
694 3305 891 3369 etiam
940 3304 1065 3369 hoc
1109 3305 1503 3390 in‘genere,
1567 3328 1734 3390 quae
1789 3304 2009 3369 ‘minus
2063 3304 2204 3389 pla-

136 3400 349 3542 geant
397 3413 476 3455 ac
522 3391 746 3456 nescio
793 3389 950 3473 quid
998 3388 1283 3455 affectati
1329 3390 1432 3455 vel
1480 3390 1775 3477 languidi
1821 3390 2062 3455 habere
2115 3390 2202 3453 vi-

198 3486 468 3543 eantur.
1993 3506 2010 3519 κ

326 3646 469 3713 Sed
549 3646 678 3711 hoc
751 3646 967 3729 ipsum
1033 3630 1166 3711 ‘nos
1222 3622 1584 3727 admonet,
1627 3654 1732 3709 ·ut
1777 3646 2040 3711 tandem
2087 3646 2202 3708 ali-

137 3732 425 3821 quando
479 3731 561 3796 de
620 3729 1206 3830 iisOexponamus,
1284 3752 1450 3818 quae
1509 3731 1576 3794 in
1635 3728 1903 3813 dicendi
1964 3751 2204 3817 genere

142 3819 456 3907 Legibus
518 3838 787 3902 proprio
846 3825 940 3879 ita
1012 3826 1393 3901 comparata
1455 3839 1598 3881 esse
1672 3815 2053 3893 videantur,
2133 3821 2203 3877 ut

138 3927 283 3971 non
346 3905 495 3969 sine
564 3922 799 3965 caussa
855 3900 1221 3987 displicere·
1270 3900 1373 3965 vel
1420 3903 1616 3966 etiam
1665 3900 2010 3966 offensioni
2061 3918 2204 3961 esse
2315 3912 2324 3919 “

136 3990 429 4077 possint.
541 3986 647 4051 De
712 3985 953 4069 quibus
1002 3985 1268 4071 quidem
1316 3980 1508 4051 rebus
1555 4010 1632 4051 eo
1679 3986 1890 4072 magis
1935 4003 2206 4049 necesse

136 4088 243 4142 est
291 4070 624 4175 peculiari
669 4091 867 4157 opera
913 4082 998 4136 ut·
1030 4070 1438 4157 disputetur,
1487 4065 1982 4167 quoniam-illae
2025 4066 2207 4166 ipsae

138 4184 431 4227 maxime
470 4177 773 4223 caussam
810 4157 1111 4224 attulisse
1144 4155 1472 4236 videntur,
1521 4180 1638 4219 <eur
1684 4155 1894 4219 critici
1943 4175 2206 4217 omnmo
