2857 4738
828 315 953 380 nn
1002 315 1415 400 memus
1467 325 1588 382 etc.
2005 315 2208 383 Lvn

156 484 233 550 sit
298 484 799 553 dubitationem
887 485 1173 552 iniicere.
1290 485 1395 550 Ea
1462 511 1618 552 vero
1677 489 1896 552 omnia
1952 489 2048 551 ita
2105 488 2208 550 di-

154 570 636 656 aceptabimu8‚
685 581 935 634 utnon
979 570 1177 638 modo
1222 573 1586 638 communis
1633 581 1828 655 atque
1873 573 2204 659 proprius»,

156 655 268 720 sed
326 655 531 718 etiam
590 655 995 722 artificiosus
1063 667 1131 722 et
1186 657 1587 744 improprius
1655 659 1973 722 orationis
2028 680 2208 737 ¹usus

158 739 589 824 respiciatur,
650 740 976 824 siquidem
1032 742 1103 808 in
1161 743 1278 806 tali
1336 765 1573 811 caussa
1631 752 1696 807 et
1737 745 1980 812 mentis
2023 744 2204 828 cogi·

157 834 293 890 tata
354 835 425 888 ct
480 826 688 889 animi
746 849 943 890 sensa
1001 830 1249 912 pariter
1308 829 1379 892 in
1439 852 1707 894 censum
1767 831 1988 894 venire
2047 851 2204 892 con-

154 921 545 978 sentaneum
604 920 728 976 est.
832 912 1069 996 Itaque
1139 913 1397 978 initium
1465 915 1934 1000 disputationis
2005 914 2206 978 duca-

156 1020 299 1062 mus
368 1020 409 1060 a
483 997 953 1082 cognoscendo
1036 999 1444 1086 singulorum
1501 1000 1972 1065 vocabulorum
2049 1021 2202 1082 usn,

151 1083 330 1146 unde
394 1083 614 1146 critici
673 1081 879 1148 malas
924 1082 1005 1146 de
1054 1085 1338 1148 universi
1382 1087 1602 1171 operis
1647 1087 2056 1170 suspiciones
2103 1108 2204 1148 re-

154 1169 515 1256 petierunt,
562 1168 617 1234 si
663 1169 835 1233 forte
879 1168 1023 1232 fieri
1068 1169 1317 1254 possit,
1362 1182 1472 1254 ut,
1523 1170 1683 1255 quid
1727 1170 1810 1236 de
1855 1195 1933 1236 eo
1979 1171 2204 1236 existi-

158 1251 471 1318 mandum
519 1254 625 1334 sit,
678 1255 921 1320 certius
964 1255 1307 1342 explorare
1352 1258 1697 1340 possimus.

1035 1498 1333 1510 ...ι-

624 1756 809 1928 (33ρρ
875 1781 1135 1892 xvm,
1232 1707 1634 1900 saginent.
1677 1771 1754 1872 ’1.

188 1983 463 2054 Agitur
502 1981 599 2036 «le
641 1997 774 2038 usu
813 1983 1262 2054 singulorum
1300 1985 1698 2040 verbor-uin
1733 1984 1808 2038 ln
1857 1984 2180 2056 Legibus

1049 2071 1343 2127 notato.
1887 2083 1894 2088 ’

336 2238 667 2322 Quoniam
729 2246 945 2302 autem
1007 2247 1318 2322 quattuor
1387 2237 1804 2323 potissimum
1861 2260 1964 2302 res
2036 2246 2211 2320 sunt,

166 2349 336 2411 quas
402 2325 611 2390 critici
671 2323 744 2387 in
812 2323 1219 2411 singulorum
1263 2323 1612 2389 verborum
1649 2329 1806 2387 ‘usu
1871 2330 2212 2407 tamquam

168 2410 538 2497 singulares
603 2419 949 2493 notarunt,
997 2411 1255 2474 raritas'
1281 2408 1693 2493 quorundam
1741 2408 2215 2473 vocabulorum

166 2506 375 2579 atque
433 2494 1155 2577 insolentia,“·crebrior
1197 2494 1552 2559 formarum
1595 2494 2058 2559 nonnullarum
2105 2517 2214 2558 ea-

164 2604 441 2665 rumque
487 2582 810 2645 rariorum
856 2580 1222 2665 usurpatio,
1281 2580 1744 2645 inusitatarum
1790 2580 2216 2667 significatio-

162 2692 320 2733 num
389 2666 770 2748 attributi0‚
832 2662 1119 2751 denique
1194 2665 1528 2729 nominum
1589 2666 1916 2733 abstracte
1961 2667 2216 2756 posito-

162 2778 305 2818 rum
366 2752 781 2835 frequentia,
838 2752 1002 2815 haec
1062 2752 1281 2815 omnia
1352 2750 1730 2837 singulatim
1803 2775 1922 2838 per
1995 2768 2216 2839 partes

244 2846 639 2922 rsequemur
693 2847 891 2921 atque
950 2837 1043 2899 ita
1100 2836 1424 2901 illustrare
1489 2836 1905 2920 conabimur,
1951 2847 2026 2901 ut
2069 2836 2218 2902 nul-

160 2862 301 2989 ffm
350 2946 656 2988 caussam
702 2945 845 2988 esse
892 2921 1454 3003 demonstremuS,
1520 2943 1638 2986 cur
1680 2922 1835 2987 inde
1879 2923 2088 2987 malae
2135 2920 2218 2985 de

164 3008 499 3073 Platonici
546 3008 767 3095 operis
816 3009 1183 3095 originibus
1226 3008 1636 3093 suspiciones
1681 3016 2079 3093 repetantur.

342 3126 707 3195 Ordiamur
765 3128 972 3215 igitur
1028 3151 1065 3192 a
1105 3126 1466 3197 lustrandis
1510 3127 1594 3191 iis
1642 3124 2004 3205 vocabulis,
2053 3145 2228 3209 quae

168 3213 487 3298 quoniam
531 3213 599 3277 in
647 3213 797 3279 unis
847 3214 1145 3300 Legibus
1186 3212 1488 3278 Platonis
1533 3210 1952 3297 reperiuntur
1995 3217 2060 3273 et
2117 3210 2224 3275 vel

171 3301 427 3365 rariora
470 3307 626 3363 sunt
668 3299 777 3363 vel
834 3298 993 3363 ficta
1034 3297 1356 3364 audacius
1404 3307 1600 3379 atque
1644 3295 1927 3381 poetica,
1975 3295 2226 3362 criticis

171 3383 663 3450 dubitationum
721 3406 997 3450 caussas
1053 3385 1542 3469 praebuerunt3
1611 3404 1887 3466 quorum
1961 3381 2226 3467 quidem

170 3468 649 3535 vocabulorum
718 3492 1057 3535 recensum
1116 3492 1319 3553 quum
1375 3470 1616 3554 partim
1675 3468 1880 3554 egerit
1940 3467 2236 3545 Zellez

171 3577 314 3620 rus
375 3554 417 3618 l.
478 3576 539 3621 c.
597 3578 663 3639 p.
724 3556 807 3621 85
866 3578 964 3639 sq.
1025 3564 1167 3619 tum
1226 3564 1485 3620 nosmet
1537 3554 1706 3639 ipsi,
1781 3577 1862 3618 ne
1921 3552 2086 3637 quid
2141 3552 2227 3621 ad

174 3650 598 3724 praesentem
710 3642 1121 3707 uaestionem
1206 3638 1470 3705 deesset
1489 3688 1508 3721 ‚
1603 3638 1800 3704 etiam
1867 3638 2232 3724 aliquando

172 3726 543 3811 pleniorem
600 3748 682 3789 ex
730 3725 1052 3811 ibuimu8,
1116 3748 1510 3810 quamquam
1569 3735 1726 3791 sunt
1783 3726 2008 3808 etiam,
2060 3746 2228 3807 quae

173 3810 486 3877 consulto
532 3832 709 3876 nunc
766 3812 1129 3893 omisimus,
1186 3810 1419 3877 melius
1477 3810 1591 3875 illa
1635 3808 2108 3897 cognoscenda
2147 3829 2236 3874 ex

174 3896 692 3961 commentariis,
782 3896 1329 3963 Enumerabimus
1374 3906 1596 3961 autem
1639 3896 1754 3960 illa
1801 3897 1931 3978 sic,
1978 3902 2056 3959 ut
2098 3913 2230 3956 una

175 4004 389 4066 opera
450 3982 649 4047 etiam
702 4006 918 4067 usum„
952 4006 1177 4047 eorum
1244 4006 1365 4067 per
1406 4006 1476 4049 se
1521 4004 1815 4051 seorsum
1863 3986 2230 4064 spectatum

178 4066 453 4131 omnino
513 4066 683 4132 bene
742 4066 1071 4135 Graecum
1122 4090 1265 4135 esse
1312 4066 1668 4133 doceamus
1715 4075 1948 4150 utpote
1993 4063 2232 4129 con-fir·-

176 4161 429 4219 matum
474 4154 557 4218 ab
603 4154 895 4239 optimae
942 4152 1340 4221 Graecitatis
1386 4153 1772 4221 auctoribus
1815 4158 2013 4235 atque
2057 4160 2250 4217 vetes
