2857 4738
624 1671 1955 1933 ΛηθυΜΕΝΤυΜ-’

836 1939 1115 2014 4ιῐιιιιι
1154 1956 1541 2012 oca-Au.

170 2197 520 2313 Absoluta
565 2247 648 2314 de
692 2233 1107 2314 institutione
1151 2271 1227 2314 ae
1284 2248 1634 2334 disciplina
1678 2247 1949 2312 iuvenili
1978 2245 2220 2334 &dispu-

167 2335 427 2401 tatione
471 2335 637 2401 libro
680 2345 915 2401 octavo
958 2337 1237 2436 primum
1285 2335 1365 2402 de
1396 2335 1631 2415 diebus
1676 2334 1866 2402 festis
1893 2352 1972 2399 ae
2013 2333 2221 2398 saeris

98 2429 107 2434 “
168 2420 576 2487 solemnibus
652 2423 1157 2522 coniunctisque
1218 2445 1367 2487 eum
1425 2420 1660 2485 iisdem
1718 2420 1892 2484 ludis
1939 2419 2222 2505 publicis

168 2506 391 2592 deque
465 2508 857 2573 castimonia
926 2511 995 2571 in
1070 2509 1153 2572 lis
1223 2508 1597 2573 necessaria
1645 2529 1764 2569 -ex
1814 2506 2034 2569 onitur
2109 2506 2220 2591 (p.
2299 2572 2305 2577 ,

168 2594 295 2658 828
342 2628 431 2641 ——
477 2594 622 2660 842.
670 2594 833 2679 B.);
891 2616 969 2659 ae
1026 2592 1265 2660 deinde
1327 2594 1648 2659 transitur
1708 2615 1746 2655 a
1838 2590 2219 2663 describen-

52 2690 59 2699 '
98 2718 111 2730 ι
168 2677 325 2745 dum
375 2678 619 2744 civium
664 2679 911 2743 vietum
956 2679 1337 2763 cultumque
1379 2690 1444 2744 et
1490 2678 1574 2743 ad
1625 2676 2006 2741 definienda
2049 2677 2216 2761 iura,

168 2786 341 2849 quae
415 2763 566 2829 inde
640 2764 1153 2849 proficiscuntur
1218 2766 1327 2850 (p.
1402 2768 1549 2831 842.
1611 2761 1691 2836 C.
1743 2764 1820 2811 -ss-
1867 2766 2014 2831 850.
2073 2760 2220 2845 Q).

166 2849 273 2915 De
323 2848 567 2938 quibus
616 2850 811 2916 rebus
856 2873 1081 2916 rursus
1126 2851 1220 2914 ita
1266 2851 1658 2937 explicatur,
1704 2859 1937 2913 utnon
1983 2870 2223 2935 pauca,

166 2932 327 3000 data
390 2937 925 3023 opportunitate,
988 2937 1294 3001 universe
1354 2936 1798 3015 disserantur,
1842 2957 2227 3020 proponam·⁴

165 3033 411 3105 turque
468 3021 842 3086 eommunia
906 3022 1230 3109 quaedam
1290 3022 1578 3087 civitatis
1623 3021 1955 3106 sapienter
1998 3018 2225 3084 mode-

164 3106 419 3171 randae
465 3106 927 3195 regendaequ'e
972 3118 1348 3194 praecepta.
1439 3106 1628 3189 Quae
1675 3104 1914 3187 omnia,
1962 3104 2030 3169 in
2073 3104 2224 3169 bre-

164 3193 316 3259 vius
363 3203 730 3275 contracta,
778 3216 855 3259 eo
900 3193 1097 3258 modo
1144 3194 1402 3259 iuvabit
1427 3192 1862 3273 enarravisse‚
1906 3201 1982 3254 ut
2013 3188 2224 3254 Athe·
2293 3252 2301 3259 ,

164 3278 466 3343 niensem
515 3301 741 3344 rursus
786 3278 1175 3363 inducamus
1268 3287 1542 3367 erpetua
1571 3286 1864 3341 utentem
1903 3275 2222 3341 oratione.

39 3334 41 3361 Ι
82 3412 94 3423 ,
164 3358 234 3431 Is
282 3364 493 3452 igitur
538 3363 701 3429 haee
748 3365 885 3430 fere
930 3362 1161 3429 ordine
1254 3367 1521 3451 eineeps
1567 3362 1884 3447 disputat.

342 3450 663 3535 Sequitur
706 3473 921 3532 nune,
986 3460 1062 3515 ut
1118 3473 1243 3542 ope
1288 3451 1700 3514 oraculorum
1748 3444 2226 3531 Delphieorum

96 3556 107 3567 ·
163 3534 309 3601 dies
356 3535 512 3601 festi
556 3534 1003 3601 constituendi
1047 3553 1113 3599 et
1158 3558 1347 3601 sacra
1374 3533 1736 3601 sancienda
1779 3534 1933 3613 sint,
1980 3530 2222 3614 quibus

161 3622 331 3689 deos
414 3610 633 3691 colere
722 3645 799 3687 ae
843 3620 1174 3687 'venerari
1264 3622 1638 3687 conveniat.
1752 3618 2226 3684 Verumtamen
2303 3687 2312 3692 ,

162 3702 430 3793 tempus
488 3707 753 3793 quidem
810 3716 879 3771 et
918 3730 1257 3772 numerum
1306 3729 1530 3772 eorum
1579 3705 1851 3771 forsitan
1897 3696 2226 3768 nobismet

158 3794 181 3859 i
236 3796 333 3859 sis
366 3794 591 3859 licebit
634 3792 906 3858 definire
939 3802 1004 3856 et
1034 3794 1451 3859 constituere.
1497 3792 1734 3875 Itaque
1767 3790 2042 3877 primum
2077 3787 2222 3871 qui·

164 3819 321 3945 <fem
359 3902 465 3943 ·ne
524 3880 696 3944 ul'us
754 3878 896 3943 dies
955 3889 1147 3943 vacet
1217 3877 1690 3966 religionibus,
1765 3873 2062 3960 quotidie
2138 3871 2221 3936 ab

164 3988 305 4031 uno
351 3964 577 4049 aliquo
626 3965 1015 4051 magistratu
1081 3963 1207 4029 deo
1254 3966 1451 4030 alicui
1501 3974 1612 4030 aut
1658 3960 1959 4028 daemoni
2005 3956 2222 4045 publi-

166 4074 321 4118 eum
366 4051 484 4115 fiat
528 4050 947 4116 sacrificium.
1038 4049 1143 4114 De
1191 4072 1322 4133 qua
1365 4074 1435 4116 re
1482 4050 1791 4134 quoniam
1837 4068 1970 4109 non
2003 4042 2224 4122 omnia

166 4156 244 4203 ao
315 4137 579 4225 singula
643 4135 901 4221 legibus
996 4147 1276 4222 possunt
1311 4135 1675 4237 praecipi,
1753 4154 1922 4219 quae
1984 4132 2052 4195 in
2117 4128 2224 4195 his

166 4223 644 4311 praetermissa
688 4222 956 4306 fuerint,
1002 4244 1080 4289 ea
1138 4222 1534 4309 religionum
1589 4220 1986 4305 interpretes
2043 4238 2226 4283 eom-
