2857 4738
1472 181 1513 230 θ

645 329 744 394 VI
1307 325 2035 394 PROLEGOMENA

643 500 919 565 aliorum
943 497 1260 563 librorum
1274 497 1764 562 Platonicorum
1796 517 1923 561 usu
1954 504 2024 560 et
2050 493 2529 561 consuetudine
2550 493 2687 558 lon-

645 585 912 672 gissime
939 581 1271 648 recedant.
1318 582 1495 646 Nam
1571 583 1803 646 rimum
1838 580 2103 666 quidem
2142 580 2387 646 nullam
2416 580 2551 643 fere
2580 600 2688 642 us-

649 693 846 755 quam
889 669 1179 754 reperias
1236 605 1567 757 partiendi
1612 665 2182 749 distribuendique
2238 663 2687 746 subtilitatem,

647 752 1184 840 quandoquidem
1225 775 1393 838 quae
1423 762 1601 818 sunt·
1626 753 1997 818 communia
2030 761 2228 836 atque
2271 773 2526 816 summa
2550 751 2691 814 uni-

647 862 876 905 versae
950 839 1419 925 disputationis
1492 839 1858 923 principia,
1906 861 1987 902 ea
2028 861 2161 902 non
2207 859 2501 902 seorsum
2546 835 2690 898 illu-

649 936 942 992 strantur
985 936 1099 989 aut
1143 934 1447 989 accurate
1492 924 1925 1010 explicantur,
1974 946 2105 1007 quo
2152 920 2392 986 deinde
2436 919 2693 1008 singula

651 1010 734 1076 ad
801 1011 948 1096 ipsa
989 1019 1406 1090 revocentur,
1453 1007 1571 1073 sed
1615 1009 2122 1074 commiscentur
2165 1009 2353 1092 quasi
2401 1030 2548 1071 cum
2592 1029 2690 1069 re-

649 1097 851 1181 liquis
911 1095 1254 1160 arbitrarie
1315 1104 1517 1179 atque
1577 1094 1719 1159 sine
1776 1103 1960 1159 certo
2006 1090 2575 1177 quodam-ordine
2614 1113 2733 1156 acs

650 1181 858 1247 veluti
901 1203 1020 1267 per
1061 1180 1473 1245 occasionem
1530 1203 1663 1245 non
1720 1188 1856 1244 tam
1902 1178 2236 1244 subtiliter
2280 1185 2695 1264 exponuntur

567 1319 578 1332 .
653 1289 852 1350 quam
903 1266 1132 1353 paucis
1192 1275 1784 1330 commemorantur
1837 1265 2201 1348 leviterque
2260 1265 2692 1351 attinguntur.

652 1353 830 1418 Nam
886 1374 1090 1435 quum
1145 1350 1336 1416 lectis
1393 1351 1510 1434 iis,
1572 1369 1741 1435 quae
1796 1349 1984 1415 Libr.
2046 1349 2101 1414 I.
2159 1374 2225 1436 p.
2286 1351 2432 1415 631.
2481 1350 2567 1413 A.
2612 1384 2692 1394 --

653 1439 800 1502 632.
852 1437 928 1501 E.
987 1437 1446 1523 proferuntur,
1506 1437 1646 1501 iure
1690 1435 2178 1522 expectaveris,
2223 1437 2507 1522 primum
2552 1435 2693 1517 qui-

655 1523 803 1588 dem
851 1522 931 1586 de
977 1522 1332 1588 virtutibus
1375 1521 1785 1609 disputatum
1828 1522 1933 1602 iri,
1980 1519 2220 1606 quibus
2267 1521 2501 1586 civitas
2548 1527 2695 1590 tan-⁴

656 1630 852 1692 quarn
900 1607 1328 1672 fundamento
1375 1630 1499 1672 suo
1547 1606 1877 1672 iudicatur
1918 1607 2111 1672 inniti
2139 1605 2406 1690 debere,
2458 1602 2693 1672 deinde

656 1704 874 1758 autem
925 1694 1218 1758 futurum
1261 1715 1433 1775 esse,
1480 1704 1557 1758 ut
1600 1692 2103 1775 demonstretur,
2152 1707 2447 1775 quanam·
2473 1711 2695 1754 neces-

657 1778 946 1845 situdine
1007 1800 1210 1863 quum
1263 1788 1408 1844 tota
1463 1778 1859 1864 respublica,
1926 1790 2063 1843 tum
2121 1777 2420 1864 singulae
2488 1777 2694 1862 leges,

657 1865 898 1948 quibus
955 1875 1320 1964 temperata
1363 1874 1503 1948 est,
1549 1886 1697 1930 cum
1740 1864 1873 1930 illis
1917 1863 2415 1942 contineantur3
2479 1871 2694 1928 tamen

658 1951 888 2015 horum
950 1971 1238 2014 omnium
1291 1949 1455 2014 nihil
1510 1951 1647 2015 fere
1705 1951 1799 2016 ita
1866 1949 2229 2036 peragitur,
2288 1957 2695 2036 vagaturque

659 2034 1022 2122 disputatio
1078 2035 1289 2121 prima
1347 2035 1581 2102 saltem
1640 2037 1867 2123 specie
1955 2043 2092 2100 tam
2162 2034 2433 2104 incertis
2505 2033 2695 2119 plane

565 2146 569 2162 =
655 2121 938 2196 finibus,
997 2129 1071 2185 ut
1121 2143 1448 2204 quaenam
1507 2122 1595 2187 sit
1640 2121 2043 2206 quaestionis
2106 2120 2452 2186 universae
2508 2117 2693 2197 ratio,

659 2205 1038 2272 distributio
1083 2229 1160 2271 ac
1204 2207 1623 2294 progressio,
1671 2205 1782 2271 vix
1826 2229 1903 2271 ac
1946 2229 2029 2271 ne
2070 2205 2181 2269 vix
2232 2205 2499 2288 quidem
2544 2224 2693 2267 con·

656 2293 766 2358 iici
832 2313 1029 2379 posse
1093 2290 1420 2358 videatur.
1525 2294 1749 2377 Atque
1812 2291 1940 2357 hoc
2000 2315 2204 2379 quum
2261 2293 2393 2356 iam
2450 2312 2570 2377 per
2624 2308 2693 2350 se

659 2378 872 2444 solum
931 2377 1077 2442 fieri
1134 2402 1266 2444 non
1326 2381 1540 2464 possit
1599 2380 1756 2465 quin
1800 2379 2177 2467 legentibus
2220 2400 2537 2465 perquam
2581 2373 2694 2437 mi-

658 2462 821 2529 rum*
859 2463 1152 2546 accidat,
1196 2474 1338 2529 tum
1385 2466 1583 2529 etiam
1628 2462 1809 2529 aliud
1855 2463 2017 2549 quid
2060 2472 2198 2545 est,
2245 2463 2429 2547 quod
2476 2458 2695 2527 eodem

659 2552 730 2613 in
785 2568 1028 2634 genere
1086 2570 1619 2633 unumquemque
1674 2550 2031 2635 legentium
2049 2598 2069 2629 ,
2144 2550 2261 2633 qui
2320 2545 2697 2613 Platonicae

659 2632 1047 2700 subtilitatis
1105 2632 1286 2699 haud
1345 2634 1617 2719 ignarus
1674 2634 1799 2717 sit,
1846 2632 2139 2712 offendat
2180 2656 2312 2699 non
2363 2630 2697 2699 mediocri-

661 2728 782 2783 ter.
891 2718 1062 2781 Nam
1121 2718 1318 2782 sicuti
1383 2718 1756 2784 accuratior
1814 2720 2099 2804 partium
2147 2719 2439 2786 universi
2484 2716 2695 2803 operis

663 2801 1020 2890 descriptio
1063 2811 1126 2866 et
1175 2804 1656 2889 coagmentatio
1706 2804 2143 2889 desideratur,
2188 2806 2284 2870 ita
2328 2807 2523 2881 etiam
2568 2800 2694 2867 sin-

557 2916 564 2923 ·
661 2887 964 2974 gularum
1021 2910 1239 2953 rerum
1299 2898 1366 2953 et
1427 2890 1897 2956 sententiarum
1964 2891 2275 2956 tractatio
2330 2892 2543 2955 minus
2600 2894 2697 2950 est

664 2974 928 3040 subtilis
1001 2973 1388 3059 laboratque
1468 2998 1601 3039 non
1688 2998 1837 3041 raro
1914 2977 2139 3041 nescio
2218 2998 2351 3061 qua
2417 2970 2692 3039 difficul-
2720 2962 2739 2985 '

662 3070 804 3126 tate
885 3069 950 3124 et
1007 3059 1410 3125 obscuritate
1470 3060 1878 3147 gravissime.
1978 3061 2153 3127 Nam
2224 3070 2299 3125 ut
2372 3071 2695 3125 taceamus

663 3144 866 3227 illud,
935 3144 1016 3209 de
1078 3168 1211 3229 quo
1271 3146 1402 3211 iam
1458 3146 1527 3209 in
1573 3143 2021 3233 superioribus
2077 3146 2437 3211 identidem
2481 3144 2695 3207 admo-

663 3231 948 3313 nuimuS,
1009 3254 1158 3297 raro
1207 3231 1403 3297 altius
1448 3232 1657 3317 repeti
1704 3254 1975 3315 eorum,
2021 3231 2102 3297 de
2160 3233 2401 3317 quibus
2448 3225 2694 3317 quaeri-

663 3326 797 3397 tur,
843 3337 1114 3381 caussas
1159 3328 1228 3381 et
1269 3317 1585 3399 rationeS,
1635 3340 1720 3381 ne
1766 3317 2111 3383 disseritur
2154 3316 2419 3401 quidem
2459 3314 2697 3396 ubique

666 3401 829 3467 satis
887 3400 1215 3467 subtiliter
1262 3411 1328 3466 et
1383 3411 1723 3481 accurate3
1787 3403 1919 3467 imo
1976 3402 2182 3467 multa
2224 3424 2359 3468 non
2408 3412 2539 3466 tam
2584 3420 2691 3462 ex—

664 3485 1040 3571 quiruntur,
1092 3509 1288 3572 quam
1333 3506 1682 3555 sumuntur
1738 3497 1939 3572 atque
1981 3499 2353 3575 ponuntur,
2410 3485 2513 3551 vel
2556 3502 2695 3547 ora-

665 3572 843 3635 torio
885 3570 1085 3638 modo
1131 3582 1562 3651 exornantur3
1608 3595 1742 3637 non
1783 3594 1997 3659 pauca
2037 3595 2236 3660 porro
2282 3570 2697 3639 enuntiantur

667 3655 890 3742 potius
939 3665 1005 3721 et
1051 3680 1172 3743 pro
1218 3658 1415 3723 certis
1460 3656 1909 3740 affirmantur,
1955 3682 2150 3759 quam
2194 3660 2559 3745 probantur
2600 3660 2695 3715 at-

665 3764 797 3827 que
853 3740 1428 3822 demonstrantur3
1497 3741 1781 3827 denique
1822 3744 2141 3831 plurima,
2203 3768 2400 3831 quum
2447 3737 2697 3827 prolixo

666 3850 864 3913 saepe
906 3826 1244 3913 longoque
1287 3850 1587 3893 sermone
1630 3830 2084 3914 proferantur,
2126 3840 2347 3895 tamen
2390 3820 2695 3912 longiori·

665 3914 790 3979 bus
853 3910 1497 3979 confabulationibus
1552 3923 1992 3983 extenuantur
2053 3916 2264 4003 magis
2322 3922 2516 3997 atque
2572 3907 2695 3972 ele-

665 4008 941 4081 vantur,
1011 4020 1212 4082 quam
1261 4001 1671 4085 'argumentis
1742 3999 2233 4067 confirmantur.
2344 3995 2468 4062 Est
2528 3992 2697 4059 enim

663 4083 874 4149 oratio
918 4106 1388 4171 saepenumero
1434 4084 1827 4167 tortuosior,
1870 4108 1989 4170 per
2036 4086 2245 4151 lexior
2288 4092 2356 4147 et
2398 4102 2515 4165 per
2556 4078 2694 4143 lon-

661 4170 909 4255 giores,
955 4192 1147 4253 quam
1197 4194 1299 4236 res
1343 4172 1489 4256 ipsa
1523 4170 1836 4257 postulet,
1884 4193 1985 4237 am
2036 4194 2194 4258 ages
2226 4163 2693 4239 circumducta,
