2857 4738
656 349 785 410 400
1326 349 1381 407 A
1398 339 2017 409 RGUMENTUM

666 516 973 580 munibus
1032 513 1325 580 consiliis
1392 513 1856 578 deliberabunt
1909 535 1988 578 ac
2047 513 2414 580 decernent.
2501 513 2652 596 Lege

658 623 817 667 vero
878 601 1315 665 constitutum
1374 609 1574 682 atque
1619 599 1942 664 sancitum
1989 599 2116 664 hoc
2160 597 2283 680 sit',
2329 609 2398 663 ut
2438 595 2653 662 duode-

658 687 784 752 cim
832 684 997 770 diis,
1048 708 1087 749 a
1133 685 1371 769 quibus
1416 685 1716 772 singulae
1757 685 1968 749 tribus
2014 683 2463 749 denominatae
2505 694 2654 764 sunt,

660 772 938 860 singulis
998 771 1335 835 mensibus
1392 793 1514 835 sua
1570 771 1809 854 cuique
1879 792 2070 834 sacra
2129 770 2292 834 fiant
2348 793 2487 835 cum
2540 791 2654 836 cer·

660 859 1015 924 taminibus
1077 867 1214 922 tum
1274 856 1542 920 musicis
1602 865 1736 919 tum
1785 855 2110 941 gymnicis
2154 857 2516 920 coniuncta.
2591 853 2654 917 In

662 967 794 1030 qua
852 953 1071 1007 tamen
1130 964 1199 1005 re
1258 941 1618 1004 inferorum
1693 941 1965 1024 deorum
2049 963 2238 1005 sacra
2296 939 2658 1026 seiungenda

660 1039 819 1094 sunt
888 1051 929 1092 a
986 1027 1386 1092 solemnibus
1445 1027 1514 1090 in
1589 1024 1900 1090 honorem
1975 1024 2248 1090 deorum
2319 1026 2656 1090 coelestium

660 1113 1013 1194 institutis,
1061 1113 1157 1176 ita
1202 1111 1468 1195 quidem
1495 1159 1522 1192 ,
1561 1121 1637 1176 ut
1680 1111 1794 1174 illa
1837 1135 1972 1175 uno
2017 1134 2238 1176 mense
2285 1110 2654 1193 duodecimo,

662 1199 931 1264 Plutoni
1006 1220 1232 1281 sacr0,
1315 1213 1736 1286 peragantur.
1805 1243 1820 1254 ·
1868 1195 2138 1283 Quippe
2195 1198 2367 1264 hunc
2435 1218 2656 1280 quoque
2767 1201 2773 1270 j

662 1285 858 1350 deum
918 1284 1019 1349 fas
1076 1294 1181 1348 est
1238 1305 1279 1347 a
1334 1283 1578 1369 populo
1639 1281 1952 1347 bellicoso
2015 1282 2378 1366 eodemque
2419 1283 2520 1367 pio
2559 1282 2653 1344 rite

662 1371 793 1436 coli
839 1379 1037 1454 atque
1086 1369 1392 1434 honorari
1438 1369 1543 1452 (p.
1591 1369 1736 1432 828.
1789 1371 1872 1433 Α.
1917 1403 1999 1414 —
2055 1369 2186 1452 D.).
2279 1367 2488 1451 Quum
2531 1389 2653 1430 vero

663 1456 748 1522 ad
813 1456 1017 1519 vitam
1076 1455 1336 1520 beatam
1396 1475 1474 1517 ac
1533 1453 1789 1518 felicem
1848 1453 2043 1536 plane
2102 1454 2194 1517 sit
2239 1453 2652 1538 necessarium,

664 1551 741 1608 ut
796 1564 931 1605 non
976 1540 1172 1604 modo
1219 1539 1384 1603 alios
1433 1561 1564 1603 non
1607 1538 1973 1604 afficiamus
2018 1539 2295 1622 iniuria,
2343 1537 2456 1603 sed
2495 1538 2652 1602 etiam

664 1629 790 1714 ipsi
854 1627 937 1691 ab
996 1625 1252 1690 iniuriis
1308 1623 1435 1688 tuti
1497 1625 1700 1689 simus
1747 1625 2090 1709 paratique
2141 1623 2226 1688 ad
2269 1625 2562 1688 arcendas
2595 1644 2654 1685 ac

666 1709 1145 1800 propulsandas
1179 1710 1467 1776 hostium
1508 1711 2008 1795 aggressiones3
2053 1709 2386 1774 civitatem
2463 1707 2655 1772 ruden-

662 1809 794 1862 tem
850 1807 919 1862 et
977 1796 1148 1859 bene
1202 1805 1520 1858 moratam
1579 1795 2171 1879 oportet·singulis
2217 1734 2462 1860 mensib

660 1905 861 1948 unum
921 1880 1280 1946 alterumve
1326 1879 1498 1944 diem
1543 1879 1856 1958 militares
1902 1879 2250 1945 instituere
2293 1869 2653 1945 exereitatio-

662 1990 799 2035 nes.
902 1965 1103 2048 Quod
1162 1964 1427 2050 quidem
1487 1967 1580 2028 ita
1635 1963 1753 2029 fiet
1815 1964 2379 2048 commodissime,
2437 1976 2505 2028 ut
2539 1985 2654 2027 cum
2770 2025 2773 2050 ÷

662 2055 867 2120 sacris
932 2051 1333 2119 solemnibus
1377 2052 1490 2116 iun
1541 2060 1735 2114 antur
1775 2049 1916 2114 ludi
1961 2051 2278 2116 militares
2327 2051 2407 2114 ad
2447 2071 2656 2136 pugna·

664 2163 817 2212 rum
892 2137 1272 2203 bellicarum
1356 2075 1852 2202 similitudinem
1928 2147 2124 2219 qua‘m
2201 2136 2656 2224 diligentissime
2771 2137 2773 2140 ⁴

665 2225 1065 2310 comparati,
1128 2223 1371 2307 quibus
1430 2232 1498 2286 et
1556 2221 1678 2285 viri
1721 2230 1790 2284 et
1846 2221 2148 2287 mulieres
2213 2223 2521 2289 intersint.
2595 2219 2656 2282 In

666 2311 768 2379 his
801 2333 953 2377 vero
982 2307 1157 2375 ludis
1186 2307 1342 2374 boni
1388 2329 1468 2373 ac
1509 2308 1713 2373 fortes
1744 2305 2050 2371 laudibus
2095 2320 2442 2387 ornentur3
2479 2304 2660 2395 ignavi

664 2408 899 2465 contra
920 2406 986 2461 et
1013 2394 1308 2461 imbelles
1340 2403 1652 2459 notentur
1684 2402 1752 2456 et
1772 2393 2132 2479 ignominia
2152 2395 2535 2474 afficiantur,
2557 2412 2658 2476 quo

2465 1815 2656 1880 usper
2770 1831 2773 1882 ὲ

664 2484 874 2571 magis
908 2482 1147 2546 civium
1192 2480 1389 2545 animi
1420 2478 1505 2543 ad
1533 2481 1841 2543 virtutem
1867 2472 2225 2543 ’colendam
2259 2479 2657 2545 incendantur.
2768 2472 2771 2529 ἒ

661 2572 888 2654 Atque
935 2567 1060 2632 hoc
1093 2589 1223 2649 quo
1268 2564 1640 2630 certius‘ita
1685 2563 1970 2645 eveniat,
2007 2564 2326 2630 laudandi
2359 2564 2658 2651 reprehen·
2769 2600 2771 2603 <

665 2652 1000 2735 dendique
1046 2650 1238 2715 venia
1281 2672 1413 2714 non
1459 2650 1670 2715 cuivis
1717 2649 2144 2732 concedatur,
2194 2652 2316 2717 sed
2361 2654 2498 2717 unis
2538 2646 2659 2713 viris

660 2738 975 2825 gravibus
1017 2736 1397 2817 virtuteque
1444 2758 1564 2801 sua
1595 2758 1626 2801 s
1678 2734 1911 2799 ectatis
1940 2736 2334 2821 permissum
2375 2738 2481 2819 sit,
2515 2736 2658 2799 eius·

660 2821 842 2887 modi
900 2821 1191 2885 earmina
1248 2821 1492 2904 facere,
1539 2821 1608 2886 iu
1660 2820 1858 2885 icium
1902 2842 2092 2886 suum
2136 2820 2658 2911 interponentibus

661 2906 1073 2973 educationis
1152 2907 1482 2994 praefecto
1554 2906 1960 2990 reliquisque
2025 2907 2252 2995 legum
2324 2906 2660 2975 custodibus

663 2995 773 3080 (p.
838 2978 983 3059 828.
1030 2992 1117 3058 D.
1158 3029 1241 3041 -
1286 2994 1436 3057 829.
1482 2991 1567 3057 D.
1617 2989 1760 3076 E.).
1852 2990 2004 3073 Quo
2052 2996 2332 3080 propius
2378 3006 2572 3059 autem
2607 2987 2662 3052 hi

660 3079 802 3145 ludi
864 3076 948 3143 ad
1005 3077 1156 3143 belli
1212 3075 1640 3141 similitudem
1697 3075 2051 3160 accedant,
2119 3080 2295 3146 inter
2353 3104 2461 3146 eos
2501 3076 2700 3157 etiam,

662 3165 859 3231 armis
918 3186 994 3228 ac
1051 3162 1199 3228 telis
1252 3160 1570 3227 utendum
1619 3161 1740 3231 erit
1785 3162 1902 3245 iis,
1962 3184 2132 3247 quae
2174 3168 2374 3231 armis
2420 3167 2481 3229 in
2520 3158 2658 3226 bello

660 3249 923 3317 usitatis
968 3248 1101 3314 sint
1130 3271 1325 3333 quam
1372 3248 1734 3326 simillima3
1781 3247 1940 3331 quin
1986 3250 2208 3334 etiam,
2258 3253 2316 3316 si
2344 3251 2484 3337 quis
2526 3248 2659 3311 forte

658 3336 727 3401 in
787 3336 919 3399 illis
964 3333 1163 3399 tuerit
1204 3333 1626 3415 interfectus,
1675 3332 1802 3397 hoc
1845 3356 1977 3409 non
2027 3336 2152 3399 eri-t
2195 3346 2271 3401 ut
2317 3334 2656 3410 maleficium

659 3428 775 3487 aut
829 3419 1143 3485 delictum
1244 3418 1604 3486 uniendum
1667 3430 1866 3502 atque
1917 3419 2366 3489 ulciscendum
2413 3430 2504 3506 (p.
2544 3416 2657 3481 830.

656 3507 741 3571 A.
786 3542 873 3553 --
917 3507 1063 3570 831.
1112 3508 1194 3571 A.
1235 3554 1249 3569 .
1339 3505 1483 3569 Iam
1542 3526 1699 3570 vero
1757 3502 2062 3571 civitates
2124 3508 2476 3592 pleraeque
2515 3496 2658 3588 quod

654 3588 818 3655 haec
874 3589 1190 3655 exercitia
1248 3591 1486 3657 bellica
1541 3590 1674 3654 fere
1735 3588 2082 3676 negligunt
2139 3603 2206 3657 et
2251 3592 2654 3665 contemnunt,

531 3676 543 3692 ¹
643 3675 797 3748 ,eius
828 3674 925 3739 rei
964 3696 1238 3741 caussae
1284 3676 1602 3764 imprimis
1650 3674 1818 3741 duae
1863 3688 2038 3743 sunt.
2110 3676 2417 3743 Cernitur
2458 3698 2572 3743 una
2606 3670 2657 3734 in

652 3783 860 3845 prava
908 3758 1075 3824 lucri
1120 3760 1506 3847 cupiditate,
1556 3783 1686 3844 qua
1729 3761 1980 3827 incensi
2009 3762 2309 3829 homines
2342 3764 2452 3829 uni
2496 3777 2654 3845 quae-

652 3846 787 3911 stui
842 3844 1259 3931 potissimum
1317 3845 1686 3912 inserviunt
1743 3856 1808 3909 et
1866 3867 1907 3909 a
1962 3848 2254 3915 liberalis
2327 3841 2654 3914 certaminis
2763 3914 2765 3917 Α

654 3930 877 3997 studio
948 3929 1145 4015 plane
1219 3941 1599 3997 avocantur.
1703 3930 1936 3995 Altera
1990 3934 2212 4017 posita
2269 3946 2374 4000 est
2429 3937 2489 3997 in
2542 3948 2655 4015 per-

650 4039 845 4083 verso
919 4016 1260 4082 civitatum
1321 4016 1676 4104 regimine,
1752 4016 2289 4103 quandoquidem
2345 4021 2426 4103 ii,
2491 4030 2654 4102 penes
2762 4056 2764 4059 >

651 4123 821 4185 quos
880 4102 1222 4189 imperium
1269 4113 1407 4185 est,
1449 4101 1597 4165 sive.
1642 4100 1700 4168 is
1745 4110 2066 4189 tyrannus
2116 4105 2242 4189 sit,
2303 4105 2442 4172 sive
2481 4120 2653 4189 popu·
2763 4176 2765 4189 Ι

649 4184 789 4266 lue,
856 4185 999 4250 sive
1042 4188 1241 4274 pauci
1286 4184 1572 4267 delecti,
1643 4186 1783 4251 fere
1825 4198 2162 4274 metuunt,
2207 4212 2286 4257 ne
2333 4192 2529 4271 cives,
2565 4176 2652 4248 ubi
