2857 4738
767 373 772 378 .
873 321 1006 387 DE
1057 322 1471 394 LEGIBUS
1520 339 1642 396 ete.
2022 337 2269 406 XXXI

205 487 360 552 facile
414 489 754 572 potuerit
831 492 906 554 in
981 493 1221 557 talibus
1295 495 1542 578 aliquid
1615 500 1881 570 humani
1950 509 2268 576 accidere.

201 574 338 638 Tum
387 595 558 637 vero
628 575 858 638 etiam
921 577 1456 648 verisimillimum
1520 596 1660 669 est,
1721 610 1887 672 opus
1946 596 2269 679 amplissi-

197 681 339 722 mum
396 669 470 723 et
527 681 626 723 ex
677 676 948 746 magna
993 661 1330 730 doctrinae
1378 671 1699 735 varietate
1745 675 2093 744 conflatum
2136 705 2269 748 non

197 767 298 808 uno
325 757 572 809 tenore
628 745 774 808 sed
826 769 952 826 per
991 747 1335 814 intervalla
1380 755 1695 839 seriptum
1730 781 1891 844 esse,
1934 765 2003 827 in
2048 767 2267 833 cuius-

193 829 342 894 modi
397 830 549 896 scri
609 830 828 894 tione
903 832 1088 916 quis·
1123 843 1226 900 est
1296 837 1457 919 quin
1510 840 1655 925 ipse
1720 857 2033 930 expertus
2105 853 2271 918 sciat

189 937 351 999 quam
409 915 570 980 faci
605 938 650 978 e
725 927 1270 1002 argumentorum
1329 945 1537 990 nexus
1596 936 1665 991 et
1708 931 2127 1000 cohaerentia
2170 939 2267 1001 in-

186 1001 477 1085 terrumpi
549 1023 650 1065 ac
727 1002 992 1067 turbari
1056 1003 1298 1088 queat?
1401 1009 1707 1095 Denique
1764 1017 1820 1080 si
1876 1042 2033 1084 vera
2088 1034 2265 1106 sunt,

183 1109 324 1169 quae
381 1087 536 1150 alio
606 1086 790 1150 Ioco
851 1085 1138 1153 vidimus
1193 1088 1276 1156 de
1339 1092 1647 1180 Philippo
1690 1097 1995 1184 Opuntio
2036 1105 2267 1174 horum

181 1171 477 1236 librorum
533 1179 732 1255 post
783 1170 1042 1236 obitum
1086 1175 1385 1241 Platonis
1432 1179 1682 1246 editore
1723 1190 2073 1256 memoriae
2164 1217 2267 1260 ro-

181 1255 292 1320 dita
345 1279 560 1336 esse,
648 1277 808 1320 non
869 1257 1068 1322 modo
1137 1262 1528 1348 verisimile,
1598 1267 1717 1332 sed
1792 1295 2107 1363 propemo
2160 1303 2269 1343 um

177 1352 398 1406 certum
494 1349 712 1422 est,·
761 1340 1114 1407 Platonem
1182 1345 1399 1430 ipsum
1445 1353 1629 1434 operi
1676 1376 1823 1419 ⁴non
1892 1359 2267 1429 admovisse

176 1428 452 1492 ultimam
520 1447 876 1506 manum,
960 1437 1196 1512 utpote
1259 1432 1328 1494 in
1398 1434 1799 1503 elaborando
1876 1443 1991 1508 illo
2058 1463 2269 1514 morte

173 1535 592 1600 oppressum.
742 1511 994 1594 Itaque
1065 1513 1493 1602 philosophus
1566 1523 1773 1589 multa
1850 1526 2118 1595 videtur
2188 1557 2268 1599 eo

177 1600 430 1664 oonsilio
507 1597 816 1681 scripto
859 1597 1316 1683 mandavisse,
1375 1614 1453 1667 ut
1491 1617 1725 1690 postea
1766 1612 2267 1701 refingerentur‚

175 1687 749 1763 immutarentur,
823 1684 1320 1771 supplerentur,
1369 1703 1801 1777 augerentur,
1847 1700 2269 1768 emendaren-

177 1781 280 1834 tur.
389 1771 612 1834 Hinc
685 1767 914 1853 igitur
970 1769 1228 1834 facilem
1301 1772 1545 1838 habent
1600 1779 2137 1869 explicationem,
2212 1789 2269 1854 si

173 1879 320 1940 quae
363 1857 618 1920 minus
690 1851 918 1937 polite
977 1854 1226 1940 scripta
1280 1879 1358 1921 ac
1401 1881 1635 1946 parum
1676 1865 2003 1933 subtiliter
2042 1868 2268 1960 dispu-

177 1952 298 2006 tata
335 1941 845 2026 reperiuntur.
868 1963 876 1967 >·
936 1939 1126 2006 Haec
1157 1963 1310 2006 vero
1355 1945 1411 2008 si
1454 1945 1546 2009 ita
1590 1969 1734 2014 sese
1762 1949 2045 2038 habent,
2094 1969 2269 2024 certe

181 2051 282 2092 nec
333 2028 470 2092 ista
535 2021 806 2090 oinnia
850 2024 1213 2108 quidquam
1255 2027 1479 2094 valent
1522 2031 1607 2096 ad
1652 2039 2071 2106 evertendam
2115 2067 2269 2130 ope-

185 2114 262 2178 ris
337 2110 902 2190 auctoritatem,
978 2111 1224 2196 quippe
1285 2113 1467 2196 quod
1548 2124 1931 2204 ceteroquin
2024 2127 2267 2214 ingenii

188 2197 496 2264 Platonici
549 2196 786 2280 signa
835 2194 1037 2258 refert
1079 2197 1273 2282 longe
1319 2199 1828 2269 evidentissima.

1049 2456 1447 2467 Μ

699 2703 891 2819 Cap.
961 2704 1180 2796 xvh
1291 2706 1670 2825 Segment
1738 2716 1790 2807 Ι.

225 2884 696 2941 catenantur
735 2890 913 2954 qum
955 2890 1030 2943 in
1065 2886 1366 2961 dialogi>
1402 2908 1456 2948 a
1488 2896 1781 2953 critici·
1832 2901 2239 2965 reprelien-

1095 2991 1254 3031 sun
1289 2978 1414 3033 slt-

377 3124 754 3209 Pergimus
801 3125 884 3189 ad
930 3126 1445 3195 considerandas
1482 3129 1729 3217 dialogi
1761 3134 1971 3213 dotes,
2018 3134 2088 3196 in
2132 3136 2275 3216 qui-

169 3204 332 3271 -bus
393 3208 572 3271 item
635 3209 942 3294 fuerunt,
1019 3214 1134 3297 qui
1193 3213 1585 3299 elegantiam
1619 3217 1893 3303 „ingenii
1950 3217 2278 3285 Platonici
2328 3244 2342 3254 ·

185 3290 708 3360 desiderarent.
807 3296 914 3359 Ex
971 3318 1105 3380 quo
1164 3320 1402 3383 genere
1463 3324 1597 3366 non
1654 3324 1867 3388 pauca
1910 3313 2067 3369 sunt
2108 3326 2278 3387 quae

183 3378 400 3462 operi
459 3388 626 3443 sunt
657 3381 842 3445 ⁴vitio
899 3380 1076 3448 data.
1181 3383 1653 3465 Desideratum
1708 3388 2053 3473 inquiunt,
2106 3390 2280 3457 inter

183 3472 554 3545 oratores,
601 3464 716 3546 qui
761 3464 1212 3551 colloquentes
1257 3469 1681 3555 inducuntur,
1725 3472 2109 3541 Platonicus
2154 3474 2277 3543 So-

183 3557 440 3613 crates
462 3597 483 3630 .,
543 3548 617 3611 in
680 3550 954 3635 eiusque
1011 3554 1226 3621 locum
1285 3564 1548 3640 praeter
1603 3581 1869 3624 morem·
1892 3569 1961 3623 et
2002 3582 2279 3627 consue-

180 3632 530 3701 tudinem
561 3634 860 3701 incertus
903 3637 1170 3721 quidam
1213 3640 1647 3709 Atheniensis
1679 3644 2119 3721 substituitur,
2164 3644 2282 3728 qui

153 3718 362 3802 -quis
397 3719 520 3800 sit,
557 3742 830 3804 prorsus
874 3722 944 3789 in
987 3723 1243 3789 incerto
1288 3725 1697 3810 relinquitur.
1744 3728 2282 3814 Colloquentium

178 3826 441 3869 mores
486 3816 562 3869 et
605 3804 880 3891 ingenia
909 3830 1045 3873 nen
1079 3808 1525 3895 depinguntur
1550 3814 1921 3881 accuratius
1949 3815 2057 3879 vel
2086 3814 2281 3879 etiam

183 3887 442 3975 inepte
489 3900 560 3954 et
591 3890 836 3955 inscite
863 3890 1330 3959 deformantur.
1389 3896 1563 3961 Tota
1582 3897 1713 3966 ista
1753 3899 1985 3965 civitas
1996 3898 2283 3982 Magne-r

187 3974 332 4057 sia,
369 3998 554 4059 quae
585 3975 932 4060 conditur,
976 3978 1172 4062 plane
1201 3988 1304 4043 est
1331 3979 1577 4049 ficticia
1606 3993 1676 4047 et
1700 3983 2057 4063 subditiva,
2082 4003 2283 4066 quum

193 4068 440 4127 tamen
495 4062 706 4127 Plato
762 4060 980 4130 soleat
1019 4063 1433 4133 exordiorum
1478 4077 1781 4137 ornatum
1824 4090 1865 4132 a
1905 4067 2081 4133 veris
2120 4066 2284 4137 locis

203 4166 290 4209 ac
352 4148 674 4235 personis
739 4156 1054 4233 repetere.
1159 4148 1378 4215 Scena
1436 4150 1681 4237 dialogi
1738 4158 1995 4239 praeter
2040 4176 2285 4226 morem
