2857 4738
814 380 1075 445 LIBRI
1138 380 1548 450 SEP'mMi.
2046 344 2051 361 '
2085 390 2207 452 ‘245

125 549 533 617 moderator
577 551 964 634 ,accuratius
994 624 999 632 ,
1024 552 1221 619 6116111
1300 553 1492 619 nobis
1551 554 1998 619 instituendus
2079 565 2204 635 est,

130 658 351 719 quam
429 634 756 701 hactenus
844 636 988 703 fieri
1061 638 1279 723 potuit
1324 639 1412 721 ¹¹⁸).
1478 676 1559 689 «-
1665 640 1760 703 Ε1
1826 639 1909 704 de
1959 640 2206 705 choris

128 720 425 805 quidem
454 720 621 785 satis
651 720 937 789 diximus
982 735 1199 805 antea,
1232 746 1436 807 quum
1484 724 2018 805 ostenderemus,
2060 726 2204 808 qui·-

126 808 269 873 bus
334 806 743 871 carminibus
800 817 867 872 et
910 808 1373 876 saltationibus
1414 808 1734 875 utendum
1749 812 1884 879 ‘sit
1974 810 2206 893 Sequi·
2252 885 2264 903 „

127 902 251 957 tur
316 913 523 977 ergo,
583 900 659 954 ut
716 893 1178 979 explicandum
1238 895 1325 960 sit
1383 894 1465 959 de
1521 895 1886 981 scripturae
1964 918 2206 981 genere

124 977 448 1041 numeris
494 999 627 1040 non
670 976 1024 1063 adstricta,
1079 978 1161 1043 de
1204 980 1395 1065 lyrae
1428 1002 1592 1064 usu,
1654 980 1736 1049 de
1782 973 2204 1067 computandi
2250 1010 2259 1019 -

122 1061 561 1143 rationibus,
626 1060 909 1147 denique
955 1062 1037 1129 de
1082 1066 1573 1131 astronomicis:
1623 1090 1794 1150 (11166
1835 1068 2056 1132 omnia
2099 1066 2203 1131 vel
2263 1096 2268 1101 ·

120 1148 227 1212 ad
291 1146 543 1211 bellum
600 1148 707 1212 vel
752 1148 837 1212 ad
894 1171 1109 1214 rerum
1142 1148 1680 1221 ,domesticarum
1725 1152 1948 1217 curam
1994 1152 2205 1217 urbis-

126 1254 279 1317 que
328 1230 975 1299 administrationem
1028 1257 1353 1319 quemque
1396 1236 1578 1322 perci
1629 1256 1736 1301 ere
1783 1236 2024 1302 debere
2069 1246 2203 1301 sta-

124 1318 405 1383 tuimus
460 1319 554 1403 (p.
599 1320 745 1382 809.
790 1320 869 1385 Β.
914 1358 997 1368 --
1043 1322 1191 1384 809.
1237 1321 1373 1404 Ε.).
1420 1358 1506 1370 -
1636 1331 1832 1405 taque
1877 1344 2040 1406 puer
2087 1320 2202 1385 de-

122 1426 299 1469 cem
368 1424 577 1467 annos
638 1411 833 1469 natus
894 1427 1012 1490 per
1056 1406 1407 1469 triennium
1443 1406 1716 1471 litteras
1761 1416 1826 1469 et
1867 1408 2087 1493 legere
2135 1410 2206 1471 e‘t

124 1491 430 1575 pingere
488 1486 729 1554 discito
790 1498 861 1553 et
916 1512 1091 1555 anno
1154 1492 1349 1560 tertio
1407 1490 1664 1558 decimo
1735 1500 1968 1557 exacto
2041 1492 2202 1555 item

86 1589 267 1661 'per
340 1573 693 1638 triennium
762 1575 945 1661 lyrae
1022 1596 1291 1661 operam
1369 1576 1550 1643 date.
1673 1578 1778 1643 Ac
1839 1576 1920 1641 de
2003 1598 2202 1663 prosa
2259 1656 2269 1659 ,

180 1657 425 1724 uidem
466 1659 822 1747 scriptione
866 1661 1115 1747 pariter
1156 1672 1357 1745 atque
1402 1662 1486 1727 de
1533 1662 1931 1729 carminibus
1973 1671 2201 1731 tenen·-

126 1684 307 1810 3um
373 1752 497 1825 est,
558 1768 691 1809 non
736 1746 956 1810 omnia
1025 1749 1400 1831 promiscue
1474 1749 1697 1833 pueris
1781 1747 2202 1815 obtrudenda

126 1852 315 1896 esse.
363 1828 511 1893 Imo
536 1830 703 1893 salsa
726 1840 827 1896 est
858 1831 1123 1897 omnino
1147 1834 1371 1918 opinio
1396 1855 1644 1917 eorum,
1677 1834 1792 1917 qui
1819 1834 1902 1899 ii's
1933 1844 2202 1899 censent

126 1938 348 2001 quam
394 1914 671 2000 plurima
712 1916 995 2002 legenda
1041 1926 1107 1981 et
1148 1918 1506 1984 ediscenda
1551 1941 1728 1997 esse3
1781 1943 1980 2004 quum
2027 1920 2198 1985 enim

125 2000 511 2085 scriptores
573 2010 639 2065 et
696 2006 935 2086 poetae
980 2002 1187 2067 multa
1229 2003 1554 2084 habeant,
1619 2027 1788 2089 quae
1835 2026 1874 2067 a
1923 2004 2198 2087 puerilis

122 2086 585 2153 institutionis
648 2088 904 2152 ratione
972 2088 1104 2153 sint
1160 2088 1593 2170 alienissima,
1627 2089 1846 2153 facile
1893 2098 2198 2175 apparet,

124 2176 341 2239 istam
401 2171 663 2259 legendi
726 2172 1181 2259 cupiditatem.
1217 2175 1438 2259 pueris
1500 2196 1644 2241 esse
1685 2195 2000 2259 perquam
2046 2197 2198 2259 per·

128 2258 469 2323 niciosam
524 2259 633 2343 (p.
680 2260 825 2323 809.
870 2258 951 2323 E.
998 2298 1080 2305 —
1126 2261 1268 2325 811.
1334 2260 1486 2342 1⁴2).
1533 2296 1616 2307 -
1725 2258 1973 2322 Verum
2036 2258 2202 2323 haec

128 2343 223 2410 de
264 2342 503 2407 litteris
540 2353 607 2407 et
652 2343 1249 2430 grammatistarum
1291 2358 1514 2430 opera.
1591 2343 1936 2430 Pergimus
1971 2343 2055 2407 ad
2089 2367 2192 2427 ea,

130 2451 319 2515 quae
386 2451 455 2512 a·
487 2429 843 2495 citharistis
902 2429 1223 2494 tradenda
1284 2439 1459 2494 sunt.
1553 2429 1790 2512 Itaque
1833 2429 2200 2494 litterarum

129 2513 375 2580 studio
420 2513 763 2598 absoluto,
824 2517 1045 2598 pueris
1092 2514 1383 2580 citharae
1433 2513 1688 2580 dabunt
1727 2537 2016 2600 operam.
2107 2516 2201 2580 Et

128 2609 389 2668 cantus
449 2599 719 2682 quidem
784 2623 918 2664 non
992 2601 1101 2665 alii
1172 2609 1327 2666 sunt
1384 2599 1684 2666 discendi
1743 2600 1871 2666 nisi
1929 2600 2018 2684 ii,
2084 2603 2198 2686 qui
2247 2643 2252 2650 ·

128 2683 415 2772 probati
474 2683 739 2764 fuerint,
774 2684 871 2750 rei
933 2685 1185 2771 peritis.
1275 2685 1572 2754 Vitanda
1595 2695 1957 2770 -praeterca
2001 2689 2199 2754 etiam

124 2769 553 2837 musicorum
614 2771 937 2855 artificia,
1012 2793 1182 2854 quae
1209 2788 1215 2794 ·
1245 2793 1446 2854 (11111111
1501 2771 1666 2836 1111111
1722 2771 2026 2837 utilitatis
2081 2773 2198 2839 ha·

124 2859 373 2938 beant,
418 2864 559 2919 tum
605 2865 810 2921 artem
856 2857 1171 2936 musicam
1218 2857 1413 2929 etiam
1458 2858 1708 2926 faciunt
1737 2857 2208 2938 difficiliorem,

129 2964 347 3028 qnam
408 2949 483 3005 ut
537 2941 711 3012 intra
766 2942 1123 3006 triennium
1179 2943 1452 3006 iuvenes
1513 2943 1774 3028 possint
1831 2943 1897 3005 in
1958 2963 2033 3004 66
2079 2943 2196 3004 ali-

130 3026 309 3113 quid
386 3027 706 3111 proficere
782 3028 963 3112 (811.
1023 3025 1248 3093 Ε-
1279 3029 1425 3094 813.
1480 3028 1616 3110 Α.).
1679 3063 1756 3073 --
1863 3025 2198 3106 Ωιι61116ᾱτ

132 3111 417 3180 modum
478 3133 633 3178 vero
692 3111 775 3176 de
838 3113 1125 3195 musica,
1196 3112 1292 3176 ita
1350 3112 1547 3176 etiam
1609 3111 1690 3175 de
1749 3110 2198 3196 gymnasticae

132 3195 491 3264 docendae
547 3197 804 3262 ratione
860 3220 995 3261 non
1049 3197 1279 3260 inutile
1350 3197 1478 3261 erit
1533 3196 1656 3261 hic
1695 3193 1965 3278 aliquid
2020 3217 2198 3260 com-

132 3283 510 3363 monuisse,
569 3280 747 3366 quod
796 3303 1052 3346 summo
1111 3280 1522 3353 educationis
1561 3279 1957 3346 moderatori
2002 3303 2196 3347 curae

134 3367 472 3450 cordique
536 3389 683 3432 esse
743 3366 1020 3449 debeat,
1081 3376 1161 3434 ut.
1218 3365 1385 3434 adeo
1441 3367 1510 3430 in
1553 3373 1739 3430 tanta
1782 3366 2198 3452 negot-iorum

134 3451 571 3518 multitudine
638 3453 771 3552 ipsi
828 3452 1026 3518 soci-is
1106 3473 1345 3536 operae
1420 3473 1590 3535 opus
1663 3450 1805 3513 fore
1876 3450 2196 3518 videatur.

136 3537 370 3602 Debet
410 3537 619 3622 igitur
660 3538 771 3601 1116
820 3559 1049 3602 curare
1092 3537 1244 3617 hoc,
1291 3545 1369 3600 ut
1408 3545 1598 3604 artes,
1640 3535 1954 3602 militares
1999 3546 2200 3621 atque

133 3623 496 3710 gymnicae
562 3645 789 3687 omnes
855 3623 925 3686 in
983 3619 1346 3710 gymnasiis
1412 3620 1493 3685 ab
1551 3618 1810 3687 idoneis
1864 3621 2198 3708 magistris

132 3707 515 3774 tradantur.
567 3708 1053 3776 ,Instituantur
1095 3730 1253 3772 vero
1314 3707 1385 3770 in
1427 3705 1510 3772 iis
1555 3706 1750 3772 etiam
1795 3707 2079 3794 puellae,
2122 3713 2200 3770 ut

133 3793 477 3874 mulieres,
522 3792 829 3859 hostibus
874 3790 1382 3874 invadentibus,
1427 3792 1658 3858 urbem
1698 3791 1868 3857 tueri
1912 3811 2200 3872 suosque

136 3877 545 3960 defendere,
618 3896 741 3963 ac,
818 3878 875 3943 si
949 3877 1213 3963 quando
1270 3877 1632 3944 necessitas
1685 3900 1806 3964 pro
1859 3877 2202 3972 urbe-pu-

136 3961 395 4051 gnandi
470 3962 817 4048 inciderit,
896 3963 1151 4030 hostem
1209 3986 1343 4030 una
1403 3985 1552 4030 cum
1605 3963 1762 4052 viris
1821 3959 2064 4026 adoriri
2121 3979 2202 4028 ao

238 4239 297 4298 Ἰ)
338 4236 565 4288 Factum
602 4244 684 4288 est
720 4240 823 4288 iam
866 4240 1031 4290 Libro
1071 4239 1167 4290 Vt.
