2857 4738
812 307 937 370 DE
990 307 1409 377 LEGIBUS
1464 321 1586 374 etc.
1882 371 1887 376 ,
2007 312 2216 376 XXV

165 473 427 559 poenis;
488 475 681 560 quod
740 478 1081 562 negotium
1142 479 1361 544 libro
1426 500 1642 542 nono
1699 477 1794 542 ita
1847 481 2213 566 peragitur,

162 570 232 625 ut
298 559 539 642 simul,
617 561 1015 646 interposita
1079 585 1361 638 rursus,
1394 563 1740 628 subtiliore
1803 565 2213 648 quaestione,

162 645 383 710 damni
442 657 511 710 et
574 645 857 711 iniuriae
925 647 1213 730 itemque
1262 648 1426 712 iusti
1489 655 1558 710 et
1612 646 1838 712 iniusti
1910 650 2214 716 notiones

158 730 473 796 subtilius
584 731 1147 817 pervestigentur.
1302 732 1626 796 Defertur
1711 755 1868 797 vero
1977 733 2214 800 deinde

157 839 377 881 sermo
453 817 651 880 etiam
732 815 817 880 ad
888 839 966 882 ea
1040 817 1345 899 crimina,
1422 840 1590 901 quae
1663 815 1978 882 adversus
2052 818 2212 884 deos

157 909 227 966 et
318 900 711 986 religionem
814 901 1165 968 committi.
1224 911 1492 985 queant.
1627 900 1778 984 Qua
1865 904 2212 970 occasione

154 1008 391 1050 rursus
462 985 829 1071 prudenter
889 987 1097 1051 utitur
1174 985 1611 1072 philosophus
1691 986 1776 1051 ad
1845 987 2212 1054 faciendam

156 1070 535 1136 uberiorem
612 1071 678 1135 di
728 1071 1126 1152 ressionem‚
1202 1071 1736 1156 quandoquidem
1807 1071 1960 1138 inde
2043 1097 2082 1138 a
2142 1099 2208 1160 p.

156 1157 310 1221 887.
373 1177 587 1240 usque
634 1179 712 1242 a.¹
764 1159 1027 1240 p..907.
1086 1157 1351 1244 egregie
1386 1156 1694 1242 disputat
1711 1155 1792 1220 de
1823 1158 2003 1222 cultu
2053 1159 2208 1224 deo-

154 1264 303 1305 rum
377 1249 581 1324 atque
654 1241 1006 1328 religione,
1082 1242 1353 1325 eiusque
1426 1242 1694 1326 publico
1751 1263 1897 1308 usu,
2002 1243 2208 1310 Cuius

157 1325 641 1411 disputationis
704 1347 974 1393 caussas
1051 1335 1119 1390 et
1184 1328 1474 1392 rationes
1529 1327 1660 1391 iam
1717 1327 1788 1391 in
1851 1330 2206 1414 superiori·-

154 1413 283 1490 bus
346 1411 515 1476 satis
573 1411 1079 1498 explorayimuS.
1192 1414 1520 1497 Apertum
1596 1421 1698 1477 est
1771 1421 1988 1477 autem
2065 1437 2208 1478 eam

151 1497 283 1562 hoc
342 1497 499 1561 loco
540 1519 675 1560 non
718 1497 963 1562 minore
1022 1519 1172 1574 ctum
1213 1507 1355 1563 arte
1400 1497 1753 1584 explicari,
1799 1519 1994 1580 quam
2039 1521 2207 1582 quae

152 1593 353 1646 antea
410 1582 551 1647 suis
588 1580 763 1666 ‘locis
810 1581 891 1646 de
937 1581 1360 1666 fortitudine,
1419 1580 1890 1668 temperantia,
1949 1584 2206 1668 sapien-

152 1669 249 1730 tia
292 1679 363 1731 et
420 1667 683 1730 institia
739 1666 1227 1750 institutaest,
1290 1669 1676 1753 praesertim
1724 1690 1926 1750 quum
1969 1671 2203 1754 pietaS,

156 1761 231 1815 ut
273 1751 587 1816 Cicero
650 1751 892 1818 alicubi
950 1753 1457 1838 interpretatur,
1514 1753 1680 1821 nihil
1723 1753 1904 1818 aliud
1948 1756 2034 1819 sit
2077 1755 2205 1820 nisi

155 1837 413 1910 iustitia
476 1836 797 1902 adversus
856 1837 1037 1902 deos.
1141 1836 1478 1920 Quocirca
1537 1861 1617 1903 ne
1690 1860 1866 1905 nuuc
1939 1839 2205 1924 quidem

154 1921 519 2006 quidquam
566 1920 863 1986 videmus
912 1923 981 1986 in
1029 1925 1348 1989 sermonis
1389 1923 1852 2011 progressione
1899 1935 1966 1988 et
2010 1933 2202 2011 argu'·

152 2009 359 2072 menti
404 2005 867 2092 explicatione,
914 2007 1095 2090 quod
1140 2008 1281 2073 iure
1326 2011 1411 2074 im
1467 2020 1772 2075 ortunum
1821 2018 1935 2072 aut
1967 2010 2204 2075 intem·-

151 2091 485 2177 pestivum
528 2090 659 2155 dici
705 2099 937 2176 queat,
1002 2102 1295 2177 suntque
1349 2117 1388 2158 a
1439 2095 1566 2160 huc
1610 2094 1828 2158 omnia
1869 2095 2202 2193 praeclare

148 2175 461 2264 =ordinata
506 2197 585 2250 ac
630 2175 972 2263 disposita.
1062 2179 1312 2243 Verum
1344 2180 1518 2244 enim
1562 2203 1718 2244 vero
1751 2177 1832 2242 de
1877 2180 1982 2262 iis,
2033 2203 2202 2263 quae

156 2259 799 2348 comprehenduntur
853 2262 1295 2329 undecimo
1372 2287 1466 2329 ac
1523 2262 2023 2329 duodecimo
2101 2265 2200 2326 li·-

160 2345 351 2428 br0,
396 2367 496 2411 res
543 2348 772 2431 utique
820 2347 1083 2415 videtur
1126 2372 1196 2415 se
1242 2348 1482 2415 habere
1518 2347 1726 2412 multo
1772 2346 2012 2423 aliter„
2068 2347 2202 2413 Hic

156 2431 339 2497 enim
396 2452 573 2516 .quae
642 2432 727 2499 de
799 2436 1080 2521 negotiis
1152 2434 1455 2500 civilibus
1526 2433 1869 2513 maximam
1944 2442 2199 2519 partem

153 2514 245 2581 ad
285 2516 391 2581 ius
434 2516 757 2601 priuatum
785 2518 1514 2605 pertinentibus-deque
1556 2517 1880 2585 institutis
1928 2519 2200 2601 quibus-

152 2601 303 2667 dam
376 2603 659 2689 publicis
732 2615 1189 2691 exponuntur,
1265 2608 1636 2691 promiscue
1719 2605 1856 2667 fere
1916 2626 1992 2669 ac
2056 2604 2196 2668 sine

151 2698 335 2752 certo
393 2688 622 2753 ordine
682 2688 751 2753 iu
812 2690 1100 2756 medium
1144 2690 1543 2771 afferuntur,
1605 2698 1679 2755 ut
1723 2712 1842 2773 pro
1894 2688 2198 2754 emodum

150 2773 507 2859 suspiceris
565 2795 709 2839 esse
754 2773 917 2840 haec
953 2778 1151 2860 quasi
1192 2776 1609 2841 miscellanea
1664 2712 1986 2857 quaedam
2044 2797 2196 2839 nec·-

150 2856 306 2922 dum
352 2858 519 2923 satis
562 2857 820 2946 digesta
877 2870 943 2925 et
999 2861 1068 2924 in
1114 2861 1407 2926 ordinem
1454 2859 1741 2926 redacta.
1829 2858 1981 2923 Nisi
2025 2859 2196 2923 forte

148 2945 297 3027 ipsa
341 2944 627 3009 varietas
670 2954 869 3029 atque
915 2946 1107 3031 copia
1147 2947 1417 3011 istarum
1463 2946 1683 3031 legum
1727 2943 2193 3030 philosophum

148 3028 502 3112 permovit,
551 3037 627 3092 ut
666 3040 888 3115 aptam
934 3030 1704 3117 earum=dispositionem
1743 3050 1866 3093 nec
1909 3036 2197 3093 tentaret

147 3136 271 3178 nec
321 3136 723 3199 magnopere
764 3124 1043 3188 curaret.
1136 3116 1386 3182 Verum
1423 3110 1602 3181 istud
1646 3112 1910 3198 quidem
1956 3121 2199 3203 utcunff

148 3218 281 3281 que
338 3220 411 3263 se
467 3198 701 3282 habet,
757 3199 919 3264 illud
964 3210 1142 3266 certe
1186 3209 1461 3286 apparet
1501 3198 1898 3278 clarissime,
1945 3196 2192 3281 pleras-

147 3306 277 3367 que
338 3283 541 3349 unius
597 3284 733 3348 fere
788 3287 1047 3371 generis
1092 3306 1275 3366 esse,
1338 3294 1415 3350 ut
1473 3292 1650 3349 certe
1693 3282 2038 3352 universae
2083 3282 2194 3348 vix

144 3368 494 3453 potuerint
547 3369 847 3455 accipere
904 3370 1123 3435 locum
1183 3370 1470 3455 aliquem
1527 3371 1658 3433 isto
1731 3366 2052 3453 aptiorem
2128 3380 2193 3431 et

142 3453 709 3553 opportuniorem.
796 3454 1233 3539 Explicantur
1258 3479 1415 3521 vero
1448 3476 1668 3519 earum
1701 3452 2191 3517 enumeratione

144 3536 335 3602 finita
393 3536 594 3602 inde
652 3560 693 3603 a
747 3539 985 3605 Libr.¹
1026 3540 1226 3606 XII.
1268 3563 1333 3624 p.
1386 3542 1562 3603 949.
1611 3537 1698 3603 D.
1745 3576 1826 3587 —
1868 3539 2042 3603 95⁶2.
2104 3538 2189 3602 D.

142 3622 337 3687 etiam
384 3623 707 3687 nonnulla
754 3624 914 3707 alia,
960 3632 1151 3710 'quae
1210 3627 1409 3710 quum
1457 3622 1542 3687 ad
1587 3624 1926 3689 universae
1971 3622 2192 3706 reipu-

140 3708 358 3773 blicae
402 3708 841 3795 disciplinam,
887 3719 1023 3775 tum
1064 3710 1148 3775 ad
1192 3710 1545 3776 utilitatem
1589 3732 1670 3775 ex
1715 3708 2192 3794 peregrinatio·-

140 3792 336 3859 nibus
384 3793 453 3857 in
498 3815 643 3858 eam
687 3793 1164 3861 redundantem
1220 3797 1614 3861 referuntur.
1703 3794 2027 3859 Nimirum
2070 3816 2190 3879 po-

136 3880 421 3944 steriora
464 3878 595 3943 ista
642 3900 956 3961 quorsum
1001 3890 1323 3967 spectent,
1370 3881 1636 3945 minime
1681 3887 1781 3945 est
1811 3877 2188 3943 obscurum.

135 3962 633 4051 Praeparantur
678 3964 849 4027 enim
896 3964 1019 4031 hac
1068 3967 1618 4031 commentatione
1661 3963 1794 4046 illa,
1843 3984 2010 4047 quae
2053 3970 2190 4024 sta-

136 4048 251 4114 tim
296 4058 459 4136 post
501 4049 585 4113 de
646 4048 1034 4117 custodibus
1082 4052 1369 4117 civitatis
1418 4058 1878 4136 exponuntur,
1944 4046 2189 4133 quippe

138 4135 246 4217 qui
304 4135 559 4201 maiore
608 4131 892 4217 quadam
955 4134 1310 4221 prudentia
1344 4133 1754 4201 diuturniore
1800 4136 2016 4199 rerum
2063 4155 2188 4199 usu
