2857 4738
908 314 1162 383 LIBRI
1224 315 1530 396 SEXTI.
1835 374 1842 380 .
2111 326 2226 391 103

149 478 259 545 luti
274 563 289 578 ⁶
313 480 583 547 erimus
598 528 623 565 ,
685 490 833 549 tum
893 505 1049 553 vero
1068 533 1088 569 ,
1158 508 1226 550 re
1272 487 1421 571 ipsa
1462 508 1584 573 pro
1629 487 1734 555 ius
1779 489 2224 573 considerata,

155 563 381 664 melius
444 566 693 653 utique
756 593 965 654 quam·
1000 570 1069 637 in
1113 570 1451 655 praesenti
1499 572 1569 639 iu
1619 572 1792 639 icaro
1835 576 2222 661 poterimus,

158 650 297 717 fahs
358 653 654 719 vivendi
708 655 885 721 ratio
940 678 1101 723 num
1152 656 1315 725 solis
1361 655 1519 723 viris
1563 679 1648 723 an
1695 658 1892 725 etiam
1937 660 2225 730 mulieri·-

160 737 277 835 bus
334 740 735 809 conveniat.
840 740 1101 808 Pariter
1152 743 1347 807 etiam
1409 764 1523 825 ea,
1583 764 1754 827 quae
1821 736 2080 831 legibus
2143 746 2226 815 dc

161 821 259 887 his
332 824 552 891 rebus
618 826 1001 903 scribendis
1053 826 1446 893 antecedere
1521 825 1806 911 debent,
1892 830 2006 895 ubi
2071 848 2226 899 'suo

162 928 473 1009 quaeque
550 910 711 976 loco
780 911 1025 977 fuerint
1094 934 1125 977 s
1216 921 1419 996 ctata,
1469 913 1716 981 rectius
1788 914 2082 984 iudicare
2158 927 2226 983 et

160 1004 583 1063 constituere
628 996 1011 1082 poterimus.
1100 934 1439 1078 &docima-
1473 997 1608 1065 illic
1623 1042 1646 1081 ,
1692 1022 1864 1087 quae
1907 1000 2035 1067 hoc
2077 1002 2226 1069 loco

164 1078 649 1165 disseruimus,
718 1082 1090 1149 meminisse
1144 1083 1422 1166 iuvabit,
1469 1082 1790 1170 imprimis
1843 1108 2000 1153 vero
2065 1086 2227 1153 utile

164 1166 285 1229 erit
342 1165 705 1249 tenuisse,
754 1166 934 1252 quod
1006 1167 1204 1233 modo
1276 1167 1835 1255 significavimus,
1895 1172 2024 1235 tria
2079 1193 2227 1239 esse

167 1251 491 1333 maxime,
563 1273 735 1337 quae
784 1252 867 1319 *iu
924 1252 1217 1339 regenda
1258 1275 1514 1321 morum
1559 1254 1914 1341 disciplina
1953 1258 2225 1341 respici-

168 1334 337 1403 enda
374 1337 597 1420 ffsint,
664 1336 797 1403 cibi
865 1337 1265 1415 desiderium
1336 1348 1404 1407 et
1461 1348 1664 1425 potus
1735 1342 2105 1427 appetitum
2161 1352 2228 1409 et
2346 1438 2352 1447 ·

164 1444 391 1489 rerum
456 1424 887 1501 venerearum
942 1423 1423 1525 cupiditatem..
1497 1424 1766 1493 Etenim
1835 1448 1918 1491 ex
1979 1425 2086 1491 his
2123 1448 2224 1495 re-

164 1507 287 1573 bus
354 1508 809 1575 communium
863 1509 1335 1591 conviviorum,
1383 1532 1423 1573 a
1499 1510 1656 1575 viris
1723 1510 1968 1611 pariter
2025 1520 2226 1595 atque

164 1593 561 1662 mulieribus
619 1592 1199 1677 celebrandorum,
1262 1594 1548 1661 elucebit
1606 1594 1862 1661 utilitas
1912 1604 1980 1661 et
2021 1593 2225 1661 hone-

165 1687 321 1746 stas.
433 1680 690 1743 Verum
758 1678 1093 1745 mittamus
1146 1701 1325 1745 nunc
1388 1702 1560 1764 quae
1636 1678 1719 1745 de
1795 1680 2086 1745 virorum
2161 1690 2226 1747 et

166 1763 523 1832 mulierum
575 1762 898 1829 conviviis
942 1765 1401 1831 communibus
1445 1763 1727 1830 dicenda
1773 1766 1944 1849 sint,
2003 1766 2224 1831 venia·

166 1852 450 1933 musque
510 1848 596 1913 ad
659 1848 865 1935 leges,
927 1850 1167 1933 quibus
1211 1849 1365 1915 novi
1431 1850 1750 1937 coniuges
1797 1849 2222 1935 edoceantur,

169 1954 298 2017 quo
342 1943 559 2020 pacto
604 1933 849 1999 liberos
889 1935 1223 2020 procreari
1268 1945 1594 2020 oporteat.
1689 1935 1765 2000 P.
1813 1939 1960 2001 779.
2004 1936 2094 2015 D,
2143 1972 2262 1985 —·

170 2020 332 2091 ⁹283.-
392 2020 486 2083 D.
558 2096 565 2106 1
614 2019 903 2105 Oportet
966 2018 1172 2107 igitur
1246 2042 1560 2107 sponsam
1637 2030 1838 2105 atque
1907 2043 2225 2107 sponsum

174 2104 449 2169 maxime
500 2126 731 2168 curare
775 2103 926 2188 hoc,
970 2113 1046 2169 ut
1093 2104 1375 2187 civitati,
1402 2104 1644 2171 liberos
1692 2126 1887 2190 quam
1933 2106 2222 2190 optimos

173 2188 552 2255 exhibeant.
644 2187 847 2273 Quod
902 2213 1034 2275 quo
1078 2190 1292 2277 magis
1336 2190 1477 2273 fiat,
1523 2189 1837 2276 legendae
1881 2198 2039 2254 sunt
2084 2209 2225 2255 mu-

170 2274 357 2339 lieres
426 2273 938 2361 speculatrices,
1046 2298 1171 2349 uae
1232 2274 1430 2340 huius
1472 2275 1568 2340 rei
1615 2296 1838 2339 curam
1883 2283 2118 2360 gerant
2160 2290 2228 2339 et

210 2360 467 2428 uotidie
518 2358 589 2424 in
634 2357 880 2446 templo
980 2296 1290 2448 I‘iithyiae
1347 2358 1432 2425 de
1503 2382 1584 2426 ea
1653 2358 2024 2424 communia
2067 2381 2224 2426 con-

204 2457 387 2511 erant
432 2444 738 2511 consilia.
837 2444 1229 2511 Liberorum
1303 2444 1675 2532 procreatio
1730 2467 1891 2510 vero
1929 2445 2224 2543 itemque

182 2531 477 2597 custodia
550 2553 816 2614 eorum,
876 2532 988 2616 qui
1043 2531 1137 2595 illi
1198 2553 1468 2617 operam
1531 2529 1725 2612 dent,
1795 2553 1927 2595 non
1975 2529 2223 2596 diutius

174 2639 364 2702 quam
426 2639 556 2702 per
616 2614 845 2681 decem
901 2637 1109 2682 annos
1162 2615 1383 2681 locum
1428 2615 1705 2699 habeat,
1753 2613 2082 2700 siquidem
2130 2618 2224 2680 ie·-

170 2703 461 2768 cundum
526 2703 727 2766 fuerit
790 2701 1313 2785 matrimonium3
1384 2701 1487 2768 sin
1544 2700 1798 2778 minus,
1870 2699 2225 2765 divortium

166 2787 586 2868 faciendum,
647 2786 741 2851 uti
790 2784 1214 2851 commodum
1288 2787 1488 2852 fuerit
1543 2784 1777 2852 visum.
1901 2786 2224 2851 Mulieres

166 2896 318 2940 vero
364 2873 569 2952 illae,
634 2894 802 2955 quas
858 2871 1167 2954 diximus,
1220 2870 1502 2936 subinde
1548 2869 2056 2936 domos-recens
2099 2894 2222 2936 nu—

162 2969 429 3046 ptorum
505 2965 573 3020 et
642 2955 1055 3023 matrimonio
1124 2957 1502 3022 iunctorum
1596 2956 1884 3021 invisant
1974 2977 2225 3039 eosque

163 3044 263 3110 vel
322 3039 668 3110 monendo
712 3042 818 3106 vel
876 3043 1074 3108 etiam
1134 3041 1498 3110 minitando
1561 3064 1601 3104 a
1664 3040 1836 3104 vitae
1897 3039 2226 3124 pravitate

165 3137 463 3196 arceant.
558 3123 759 3208 Quod
806 3127 867 3190 si
910 3149 1044 3191 non
1086 3127 1427 3212 potuerint
1471 3124 1756 3208 efficere,
1800 3147 1937 3188 rem
1965 3122 2224 3188 deferre

162 3214 245 3280 ad
306 3215 543 3301 legum
604 3209 918 3277 custodes
970 3211 1255 3294 debent,
1316 3213 1430 3296 qui
1475 3229 1754 3296 poenas.
1783 3208 1874 3273 in·
1913 3229 2026 3273 eos
2064 3229 2224 3274 con-

164 3303 452 3366 stituant
513 3298 623 3445 (p.
693 3299 837 3362 783.
884 3297 971 3362 D.
1016 3333 1103 3345 —-
1147 3298 1292 3364 784.
1338 3297 1496 3380 D.).
1543 3332 1626 3344 —
1729 3293 1807 3359 Si
1826 3292 2041 3442 a«imis,
2104 3316 2224 3378 po-

166 3396 517 3470 steaquam
588 3381 807 3448 iberos
852 3403 934 3446 ex
1014 3381 1273 3468 legibus
1320 3379 1585 3470 genuit,
1634 3400 1781 3443 cum
1889 3379 2042 3442 iena
2081 3402 2225 3444 mu-

166 3471 317 3536 liere
379 3492 527 3536 rem
586 3465 831 3534 habeat
888 3476 1003 3540 aut
1062 3467 1299 3532 mulier
1356 3489 1506 3531 cum
1545 3486 1760 3546 mare,
1799 3462 1912 3529 ‘his
1957 3462 2224 3562 quidem

170 3555 379 3621 adhuc
424 3551 663 3620 liberis
707 3552 1238 3638 procreantibus,
1284 3552 1442 3628 item
1470 3548 1783 3636 puniatur
1812 3549 2221 3634 gravissime.

166 3639 413 3707 Contra
476 3637 598 3724 qui
666 3645 1112 3723 temperantes
1166 3634 1646 3723 permanserint
1687 3656 1902 3718 neque
1943 3631 2226 3698 lubidini

160 3726 597 3810 indulserint,
653 3724 703 3789 ii
746 3723 978 3788 merito
1023 3723 1275 3803 honore
1320 3730 1637 3787 ornentur
1683 3721 1778 3807 (p.
1828 3722 1971 3786 784.
2019 3718 2108 3784 D.
2141 3755 2222 3766 —

162 3817 304 3882 785.
360 3816 529 3900 Α,).
584 3849 669 3861 -
759 3808 903 3874 Iam
946 3830 1105 3874 vero
1162 3829 1312 3872 cum
1366 3807 1490 3888 iis,
1552 3819 1718 3890 quae
1775 3803 2223 3891 exposuimus,

162 3901 566 3988 cognatione
633 3893 922 3981 quadam
983 3901 1052 3958 et
1108 3889 1600 3976 necessitudine
1659 3890 1824 3956 haec
1885 3887 2225 3954 continen-

160 3996 275 4057 tur.
364 3991 626 4054 Annus
686 3979 1017 4064 cuiusque
1066 3977 1303 4044 natalis
1357 3976 1806 4064 perscribatur
1849 3975 1917 4038 in
1961 3968 2222 4036 sacellis

158 4075 443 4160 paternis
494 4078 717 4153 atque
760 4063 912 4129 albo
956 4062 1395 4150 phratriarum
1426 4059 1790 4127 secundum
1835 4055 2222 4122 archontum

155 4163 485 4233 ordinem3
558 4173 795 4220 eorum
854 4161 1067 4215 autem
1108 4147 1400 4230 nomina,
1444 4147 1556 4229 qui
1603 4146 1738 4210 vita
1779 4149 2228 4225 excesserunt,
