2857 4738
701 1590 1679 1712 prolegomena

1161 1775 1244 1844 de

207 1926 554 2024 LEGUM
619 1929 844 2024 FmE
909 1931 1032 2026 ΕΤ
1097 1930 1815 2028 AUCTosslTATE.
1878 1937 1965 2030 P.
2028 1941 2117 2033 ll.

623 2269 862 2437 Gap}
929 2319 1088 2412 XV.
1183 2317 1564 2439 chmcut.
1630 2322 1687 2412 1.

147 2502 576 2572 Snelpltur
617 2506 894 2560 dehinc
915 2506 1332 2575 disputatio
1368 2506 1467 2561 de
1494 2507 1751 2577 open-la
1790 2506 2070 2577 rorum
2112 2526 2209 2568 ae

147 2588 478 2670 primum·
515 2591 923 2659 exponitur
977 2592 1074 2647 de
1129 2594 1550 2662 argument!
1609 2593 2067 2651 tractatione
2127 2600 2207 2653 et

305 2677 751 2731 disserendi
787 2676 1122 2732 artifieio.
1155 2679 1229 2731 {n
1265 2678 1385 2733 111·
1430 2679 1643 2735 libris
1677 2678 2048 2736 adhibito.

143 2827 162 2861 1

161 2826 639 2948 Praetavimus
695 2884 1016 2951 hactenus
1081 2884 1506 2949 materiam
1568 2886 1823 2970 operis,
1889 2886 2203 2955 vidimus-

145 2990 300 3051 que,
352 2968 521 3053 quid
567 2968 649 3033 de
693 2971 891 3036 rebus
948 2972 1019 3035 in
1065 2992 1142 3035 eo
1190 2970 1517 3057 expositis
1558 2968 1840 3036 iudicari
1886 2984 2205 3059 oporteat.

143 3054 254 3140 Ag
305 3054 610 3120 redimur
671 3057 878 3143 igitur
932 3078 1110 3121 nunc
1169 3056 1253 3121 ad
1315 3057 1656 3121 formam
1715 3056 1855 3121 eius
1900 3058 2201 3125 conside-

141 3162 255 3203 ran
310 3162 443 3203 am.
553 3142 745 3223 Quae
805 3164 1009 3225 quum
1058 3142 1155 3205 'in
1223 3140 1436 3229 tribus
1519 3140 1935 3232 potissimum
2009 3144 2206 3211 rebus

142 3234 502 3305 cernatur,
573 3228 642 3293 in
722 3224 1070 3293 dialectica
1139 3227 1509 3315 argumenti
1596 3226 1991 3293 tractatione
2064 3228 2203 3299 sive

139 3310 528 3376 disserendi
573 3312 856 3397 ratione,
901 3314 972 3379 in
1018 3311 1193 3377 dialo
1247 3312 1260 3327 ⁰
1310 3321 1549 3378 ornatu
1593 3322 1661 3376 et
1716 3311 1997 3379 artificio
2062 3338 2204 3383 sce-

141 3396 318 3478 nico,
371 3396 665 3483 denique
708 3400 778 3463 in
833 3398 1152 3465 orationis
1259 3396 1443 3465 abitu
1490 3397 1969 3485 verborumque
2024 3424 2201 3467 com·
2310 3482 2325 3489 ,

143 3483 524 3567 positione,
589 3484 670 3551 de
733 3484 836 3551 his
896 3484 1200 3550 omnibus
1247 3482 1478 3549 ordine
1523 3480 1836 3571 deinceps
1876 3485 2204 3573 explicare

144 3576 210 3631 et
268 3580 608 3653 quatenus
671 3594 750 3635 ea
793 3593 940 3636 cum
985 3570 1238 3635 ratione
1287 3568 1591 3634 Platonis
1637 3570 2046 3637 concordent
2088 3583 2207 3639 aut

137 3651 566 3741 discrepent,
631 3657 1008 3721 accuratius
1069 3654 1439 3739 disquirere
1497 3654 1981 3726 constituimus,
2068 3658 2203 3723 Ita-

137 3762 262 3825 que
325 3741 622 3827 primum
677 3741 1160 3829 disputabimus
1200 3738 1284 3804 de
1330 3739 1703 3827 argumenti
1764 3742 2204 3829 explicatione

138 3848 215 3891 ac
261 3828 541 3893 ratione
591 3824 964 3893 disserendi
1007 3826 1074 3891 in
1119 3824 1419 3911 Legibus
1464 3834 1780 3911 usurpata

119 3982 126 3991 ·
309 3947 408 4011 Et
485 3946 974 4033 argumentatio
1059 3942 1328 4029 quidem
1411 3966 1491 4008 ac
1562 3942 1932 4011 disserendi
2006 3946 2199 4030 ratio,

18 4102 20 4105 ,
137 4054 310 4113 quae
357 4033 429 4097 in
467 4032 776 4119 Legibus
823 4039 1092 4117 regnat,
1137 4028 1252 4094 ubi
1277 4028 1701 4095 considerata
1742 4031 1945 4097 fuerit
1975 4030 2199 4117 paullo

136 4120 561 4200 accuratius,
624 4116 932 4182 dubitare
991 4138 1180 4181 nemo
1243 4134 1404 4179 sane
1448 4115 1728 4199 poterit,
1792 4117 1951 4201 quin
1997 4118 2206 4183 multa

135 4206 412 4291 propria
477 4227 568 4270 ac·
627 4202 988 4289 peculiaria
1035 4200 1274 4266 habere
1319 4198 1675 4265 iudicanda
1732 4200 1843 4284 sit,
1902 4224 2071 4287 quae
2114 4203 2199 4269 ab

989 4434 1575 4541 ‚ssaeal

1750 4538 1783 4551 ς

2834 943 2836 948 .
2824 344 2836 932 Ᾱ-ψῴμ.ῌ“μμ,-
2829 269 2836 334 ..ι-Α
2831 215 2836 258 ,4.-
