2857 4738
737 419 743 424 ,
844 340 971 406 on
1020 335 1440 406 LEGIBUS
1486 349 1610 404 eto.
2038 327 2208 406 mx

196 508 457 575 Atticist.
518 531 586 596 p.
659 511 800 574 149.
860 518 927 574 et
983 507 1486 594 Harpocrat.
1544 533 1610 596 p.
1665 511 1806 575 196.
1851 506 1990 575 Sed
2035 507 2210 574 idem

190 591 333 658 illud
381 593 631 682 legitur
698 594 898 660 etiam
951 595 1019 659 in
1084 594 1295 680 ip‘sius
1355 593 1746 659 Platonis
1791 591 1950 692 Sym
2001 615 2097 659 os.
2143 617 2208 680 p.

190 680 315 745 218.
369 679 449 745 Ε.
510 680 771 780 placuit
816 703 899 746 ue
955 679 1113 745 item
1170 679 1648 765 Xenophonti,
1694 678 1930 764 Euripi
1980 680 2024 762 i,
2070 678 2210 744 Lu·-

186 763 378 847 ciano,
420 765 593 849 aliis,
630 775 721 838 ,ut
811 789 847 830 e
891 766 1122 831 Attico
1174 765 1316 831 eius
1364 786 1488 829 usu
1534 763 1717 829 nulla
1756 763 1960 850 plane
1997 764 2211 851 possit

184 871 310 915 esse
351 849 832 917 controversia.
933 851 1173 916 Rarius
1234 873 1391 919 vero
1451 848 1843 916 vocabulum
1889 859 1992 914 est
2037 852 2208 932 θρα·

182 935 422 1016 συξενία
477 937 676 1004 Libr.
738 936 863 1002 IX.
918 960 981 1022 p.
1042 938 1188 1002 879.
1246 935 1327 1000 Ε.
1387 936 1680 1021 positum
1725 933 1812 1000 ad
1857 933 2210 1022 designan-

182 1017 313 1084 dam
394 1023 903 1109 peregrinorum
974 1021 1413 1087 insolentiam.
1514 1018 1734 1110 Quod
1815 1043 1975 1090 num
2047 1020 2206 1105 quis

182 1104 329 1172 alius
400 1109 863 1193 usurpaverit,
942 1129 1066 1172 nos
1120 1107 1431 1192 ignorare
1503 1107 1804 1172 fatemur.
1925 1105 2209 1171 Notavit

182 1199 379 1256 autem
437 1192 608 1258 illud
666 1204 737 1260 et
791 1193 1262 1278 interpretatus
1321 1202 1425 1258 est
1471 1190 1780 1257 Pollux
1823 1187 2064 1256 Onom.
2110 1191 2205 1256 11.

188 1279 309 1342 113.
363 1286 431 1342 et
486 1277 629 1342 ΙΙΙ.
688 1283 795 1346 58.
840 1277 1248 1358 ἀηδέστερον
1308 1275 1576 1363 quidem
1635 1275 2022 1362 appellans,
2083 1277 2204 1342 s'ed

182 1357 420 1426 Platoni
482 1364 631 1428 sine
692 1363 828 1429 ulla
884 1363 1297 1429 dubitatione
1355 1361 1720 1428 vindicans.
1826 1362 1966 1426 Iam
2027 1362 2207 1446 quod

182 1443 346 1511 Libr.
386 1448 551 1513 VII.
598 1473 664 1536 p.
715 1452 857 1516 793:
902 1449 983 1515 E.
1081 1498 1098 1515 .
1162 1451 1308 1515 794.
1354 1446 1435 1514 C.
1477 1472 1541 1533 p.
1588 1451 1734 1512 785.
1783 1449 1867 1511 A.
1916 1449 2059 1510 796.
2123 1447 2205 1512 C.

180 1531 415 1614 κόρος
472 1533 559 1598 de
620 1558 888 1620 puero
946 1558 1026 1599 ve
1113 1533 1582 1601 iuvenculo
1641 1532 1890 1598 dictum
1935 1541 2076 1618 e‘st,
2115 1531 2205 1598 .id

184 1625 364 1698 quum
423 1622 783 1707 cognatum
842 1620 929 1686 sit
972 1621 1514 1702 Ionieowwfipog,
1561 1627 1694 1684 tum
1736 1627 2008 1704 propter
2050 1639 2206 1684 con·

177 1699 563 1772 iuncti-onem
625 1725 775 1770 cum
853 1703 1023 1790 κόρη
1076 1706 1335 1772 facilem
1409 1705 1614 1770 habet
1683 1704 2200 1787 excusationem,

179 1790 539 1870 praesertim
601 1810 805 1874 quum
864 1791 1171 1856 vocabuli
1242 1813 1403 1856 usus
1463 1813 1588 1856 nec
1660 1790 1873 1875 poetis
1919 1790 2202 1876 'ignotus

179 1891 246 1934 ac
296 1874 593 1940 similiter
647 1876 824 1962 apud
898 1876 1464 1962 Lacedaemonios
1535 1876 1908 1942 celebratus
1978 1875 2203 1960 fuerit,

179 1951 251 2020 de
306 1981 431 2044 quo
488 1986 551 2024 v.
618 1960 1057 2031 Ruhnken.
1132 1961 1219 2027 ad
1290 1963 1461 2027 Tim.
1521 1984 1587 2047 p.
1653 1963 1775 2028 150
1831 1983 1934 2046 sq.
2051 1961 2202 2026 Nec

176 2063 316 2106 vero
371 2045 553 2110 Libr.
620 2047 751 2110 XI.
815 2071 881 2133 p.
946 2050 1093 2128 935.
1141 2048 1222 2114 B.
1264 2045 1795 2130 μεγαλόνοια
1840 2046 2042 2113 ullam
2081 2045 2201 2111 ha-

182 2123 281 2189 bet
326 2128 786 2214 offensionem,
858 2132 1037 2218 quod
1099 2156 1225 2200 nec
1280 2133 1726 2198 Lucianus
1786 2133 2036 2198 Piscat.
2089 2134 2199 2197 22.

186 2215 569 2367 {ffi'it’vef
633 2217 1031 2369 iilpgtraittlilm
1052 2228 1177 2368 test
1218 2242 1259 2283 a
1304 2214 2200 2366 (l'ssramtrAaticis,·lI·’toll·u(‹13·e

324 2323 398 2364 m.
564 2351 582 2367 .
778 2352 795 2373 .
992 2329 1033 2371 o
1094 2328 1179 2369 10
1276 2326 1315 2368 a
1343 2327 1446 2368 us.
1605 2324 1640 2365 c
1685 2323 1879 2366 simii
1911 2322 1985 2364 er
2026 2322 2093 2364 1u
2145 2323 2198 2364 1·-

189 2382 439 2451 candum
492 2400 597 2455 est
652 2388 849 2455 etiam
912 2390 995 2456 de
1053 2353 1794 2469 voc.’nat30v02zc'a
1842 2384 2024 2450 Libr.
2071 2385 2197 2452 VI.

186 2487 244 2549 p.
301 2471 425 2535 775.
479 2475 560 2539 Β.
628 2497 763 2559 quo
827 2499 963 2540 nou
1019 2474 1217 2541 modo'
1280 2472 1754 2559 Sophocles
1819 2468 1992 2537 Oed.
2037 2471 2196 2559 Tyr.

190 2552 351 2621 1248.
404 2559 518 2623 sed
580 2558 779 2647 etiam
837 2562 1196 2647 scriptores
1240 2561 1478 2646 optimi
1521 2559 1766 2659 quique
1812 2557 2198 2643 posterioris

181 2642 391 2708 aetatis
447 2646 549 2711 usi
612 2668 759 2711 esse
814 2648 1253 2733 reperiuntur.
1354 2646 1544 2711 Haec
1599 2647 1804 2731 igitur
1859 2652 2018 2709 sunt
2059 2644 2198 2715 fere
2295 2654 2328 2707 ί

180 2727 414 2792 nomina
472 2731 893 2797 substantiva
938 2734 1198 2820 Legum
1243 2734 1434 2818 operi
1478 2732 1666 2818 priva
1709 2740 1776 2796 et
1822 2729 2198 2815 peculiaria.

177 2805 625 2898 Progredimur
682 2816 766 2881 ad
830 2818 1099 2883 nomina
1158 2815 1504 2883 adiectiva.
1604 2815 1712 2881 Ex
1757 2816 1998 2901 quibus
2039 2815 2198 2880 item

174 2899 462 2964 nonnulla
522 2902 595 2965 in
656 2903 805 2971 unis
866 2903 1162 2989 Legibus
1220 2926 1259 2967 a
1317 2904 1596 2968 Platone
1654 2910 1972 2988 usurpata
2015 2908 2194 2982 sunt,

173 2977 299 3076 aliis
339 2993 560 3051 tamen
586 2988 1018 3074 scriptoribus
1048 2988 1557 3073 haudquaquam
1585 2986 1945 3133 incognita.
2038 2985 2195 3048 Per-

174 3070 321 3160 tinet
360 3068 489 3137 huc
538 3071 905 3159 ἀίστωρ,
951 3074 1304 3157 inscius,
1352 3074 1538 3139 Libr.
1585 3072 1722 3138 VII
1769 3118 1786 3135 .
1834 3095 1897 3156 p.
1931 3071 2075 3133 845.
2111 3068 2192 3133 B.

174 3169 231 3213 ιιι
296 3152 436 3242 lege
523 3154 806 3241 quadam
884 3160 1319 3259 perscriptum
1339 3209 1358 3243 ,
1434 3168 1502 3223 et
1592 3180 1633 3221 a
1705 3152 2192 3236 Grammaticis,

175 3230 460 3333 S.¹¹id²²’
526 3242 995 3331 Hesychio,
1057 3244 1441 3328 Timaeo,
1507 3250 1830 3323 notatum,
1879 3236 2060 3338 quod
2101 3238 2195 3303 le-

172 3329 331 3407 gitur
382 3328 582 3393 etiam
641 3329 820 3416 apud
878 3329 1379 3417 Euripidem
1442 3327 1656 3394 Andr.
1701 3323 2008 3401 683.‚ub1
2051 3324 2192 3389 fue-

172 3419 306 3472 runt
359 3415 473 3497 qui
516 3412 866 3495 ἀνίστορες
908 3418 1347 3503 corrigerent,
1408 3413 1493 3479 de
1538 3435 1672 3499 quo
1716 3436 1778 3478 v.
1815 3409 2191 3476 Lobeck.

173 3490 247 3554 ad
311 3497 671 3587 Phrynich.
728 3524 793 3586 p.
853 3503 1000 3567 630.
1103 3500 1304 3584 Quod
1379 3498 1770 3565 vocabulum
1843 3496 2193 3581 quominus

170 3584 597 3667 attrectemus,
644 3594 826 3652 certe
852 3586 1017 3651 illud
1064 3586 1394 3672 prohibet,
1440 3583 1622 3668 quod
1663 3580 1883 3684 legum
1929 3581 2194 3668 linguae

170 3664 507 3749 antiquiori
549 3670 775 3770 potuit
830 3691 979 3737 esse
1023 3674 1385 3759 proprium.
1472 3672 1577 3747 Ac
1619 3669 1831 3735 simile
1922 3666 2192 3735 uiddam

170 3750 476 3820 coniicere
520 3754 750 3822 licebit
792 3757 990 3823 etiam
1039 3758 1121 3823 de
1165 3780 1312 3823 voc.
1357 3753 1778 3839 fflqodo'tog
1823 3754 1908 3819 Li
1957 3775 2007 3817 r.
2057 3748 2190 3815 XI.

170 3852 225 3915 p·
266 3838 406 3902 921.
469 3844 553 3905 A.
616 3842 730 3907 ubi
788 3844 1052 3929 poetica
1108 3865 1256 3909 cum
1313 3842 1582 3909 licentia
1639 3840 1722 3929 de
1769 3839 1894 3905 deo
1941 3836 2190 3901 dictum

170 3926 276 3984 est.
359 3923 775 4010 Quamquam
815 3938 1057 4016 poetae
1103 3928 1347 3995 dixisse
1408 3929 1546 3994 fere
1593 3926 2004 4013 reperiuntur
2043 3921 2190 3999 βιο-

170 4002 365 4087 δώτης
434 4024 503 4076 et
556 4010 951 4097 βιοδώτωρ,
1013 4014 1191 4099 quod
1249 4014 1466 4105 ipsum
1525 4023 1740 4077 tamen
1789 4018 1893 4075 est
1935 4004 2188 4105 rarissi-

168 4106 881 4251 ¹2:331.²¹i³’‡?22{¹¹¹131²5
928 4100 1119 4253 (ἓξὲξ
1124 4098 1653 4253 '3315352023’2136
1695 4091 2062 4266 &4AEss
2065 4114 2188 4243 ¹52¹:
