2857 4738
775 263 903 386 'Da
950 317 1374 390 LEfflBUs
1420 330 1542 384 ete.
1627 299 1638 312 ‘
1867 275 2158 386 'XLVII

158 489 445 554 finiliorem
506 489 711 554 habet
778 491 1099 556 sermonis
1172 511 1594 576 progressum
1665 498 1868 573 atque
1941 491 2156 556 minus

154 573 400 640 crebram
442 576 705 642 interro
758 575 907 640 andi
972 585 1034 640 et
1106 574 1552 660 respondendi
1608 575 2153 645 vicissitudinem.

152 661 346 744 ltaque
400 685 521 726 nos
586 600 855 745 quidem
914 661 979 726 in
1049 684 1127 726 ea
1186 684 1253 725 re
1313 660 1477 726 nihil
1533 660 1750 725 inesse
1821 677 2154 747 putamuS,

153 745 295 828 quod
337 769 374 810 a
416 748 721 812 Platonis
782 758 919 812 arte
978 757 1046 811 et
1087 747 1340 811 ratione
1385 744 1760 812 abhorreat.
1850 747 2156 831 Accedit,

152 830 295 914 quod
336 855 453 898 nec
498 833 777 898 absurdi
823 831 982 918 quid
1026 843 1141 897 aut
1168 831 1375 918 inepti
1420 854 1568 896 cum
1613 835 1692 896 ea
1733 835 2154 901 coniunctum

150 927 246 998 est,
286 917 454 1001 quod
504 919 861 984 scribentis
892 928 1130 1005 arguat
1173 918 1456 1001 aliquam
1502 919 1998 986 inconstantiam
2045 931 2158 984 aut

148 1003 425 1068 inertiam.
529 1002 735 1086 Quod
790 1016 967 1070 cente
1026 1005 1223 1091 longe
1283 1005 1472 1068 aliter
1527 1025 1597 1068 se
1657 971 1870 1070 {abet
1929 1005 1998 1070 in
2073 1007 2157 1086 iis

150 1085 414 1175 dialogis,
461 1113 639 1173 quos
684 1090 943 1155 Platoni
990 1091 1096 1156 vel
1141 1112 1358 1154 errore
1403 1088 1510 1156 vel
1541 1089 1711 1154 mala
1740 1090 1967 1156 fraude
1997 1113 2156 1178 sup·

151 1175 358 1257 positos
414 1198 561 1242 esse
624 1176 1035 1263 exploratum
1090 1175 1389 1242 habetur.
1489 1175 1845 1241 Enimvero
1890 1193 2154 1262 compa-

153 1280 235 1324 res
254 1259 395 1326 mihi
426 1285 681 1344 quaeso
714 1285 862 1326 cum
894 1260 1189 1349 Legibus
1214 1262 1319 1327 vel
1347 1283 1586 1345 parvos
1636 1262 1802 1328 istos
1829 1261 2157 1350 dialogos,

152 1344 239 1426 qui
298 1348 627 1415 communi
692 1348 1079 1418 ,criticorum
1148 1344 1473 1412 sententia
1548 1345 1845 1418 Platonis
1925 1372 2158 1414 nomen

148 1432 535 1516 mentiuntur,
586 1432 950 1520 Theagem,
983 1432 1466 1518 Hipparchum,
1515 1432 1804 1516 RivaleS,
1835 1433 2156 1517 Minoem,

149 1514 309 1599 alios,
368 1530 432 1582 et
476 1518 679 1584 facile
726 1517 1205 1584 animadvertes
1224 1551 1259 1601 ,·
1293 1516 1456 1602 quid
1503 1516 1752 1584 distent
1791 1541 1944 1584 aera
1988 1519 2157 1606 lupi·-

148 1601 247 1666 nis.
326 1601 583 1691 Quippe
630 1605 699 1668 in
750 1605 1045 1692 Legibus
1091 1605 1215 1670 etsi
1277 1603 1665 1690 simplicitas
1712 1606 2034 1670 sermonis
2081 1628 2160 1671 ea

148 1695 251 1766 est,
291 1711 449 1774 quae
493 1691 893 1756 urbanitatis
923 1702 987 1756 et
1014 1688 1377 1777 elegantiae
1410 1700 1820 1756 venustatem
1847 1715 1977 1758 non
2023 1715 2158 1757 ma-

152 1795 398 1859 gnopere
444 1787 905 1862 consectetur,
950 1799 1251 1860 quaeque
1294 1798 1411 1864 per
1450 1777 1670 1841 omnia
1713 1777 1922 1842 senile
1968 1777 2158 1862 quid-

152 1857 275 1922 dam
303 1861 556 1944 referat,
583 1873 807 1928 tamen
837 1863 999 1928 nihil
1030 1885 1307 1947 usquam
1345 1863 1634 1948 reperias
1662 1862 1888 1928 talium
1915 1864 2156 1951 inepti·-

152 1965 337 2029 arum,
391 1948 622 2032 quales
663 1949 729 2013 in
775 1948 903 2022 illis
946 1948 1129 2014 libris
1172 1971 1241 2012 re
1292 1949 1586 2015 criuntur
1629 1950 2156 2016 innumerabiles.

159 2025 273 2094 Sed
314 2034 483 2100 aliud
529 2033 699 2121 quid
744 2045 867 2116 est,
914 2033 1095 2119 quod
1138 1973 1536 2100 Zellerus
1580 2034 1623 2100 l..
1671 2057 1727 2100 c.
1772 2059 1836 2122 p.
1884 2038 1960 2102 71
2009 2059 2157 2122 sqq.

163 2123 217 2177 et
264 2121 548 2186 Astius
620 2145 683 2206 p.
755 2123 901 2187 388.
962 2130 1275 2205 tanquam
1332 2121 1672 2206 proprium
1752 2125 2038 2188 sermoni
2091 2124 2160 2188 in

162 2198 415 2287 Legibus
475 2206 710 2292 habito
770 2218 1181 2274 notaverunt.
1287 2206 1592 2292 Regnare
1636 2207 1807 2272 enim
1851 2230 1971 2293 per
2013 2231 2161 2272 eum

164 2286 722 2360 animadverterunt
808 2294 1153 2381 gravitatis
1229 2291 1562 2377 quandam
1650 2291 2158 2376 affectationem,

170 2393 315 2453 quae
352 2378 520 2445 abeat
562 2402 773 2465 saepe
821 2381 1013 2445 etiam
1058 2380 1126 2443 in
1175 2378 1670 2444 insolentiorem
1710 2379 2161 2444 austeritatem

170 2479 237 2521 ac
292 2462 599 2531 tristitiam
622 2515 641 2550 ‚
704 2486 745 2529 a
798 2464 1208 2553 dialogorum
1266 2463 1760 2531 Platonicorum
1803 2464 2162 2533 festivitate

170 2552 225 2607 et
274 2544 572 2620 hilaritate
644 2574 916 2638 prorsus
942 2558 954 2569 '
978 2552 1277 2617 alienam.
1369 2550 1515 2615 Nec
1560 2573 1714 2615 vero
1761 2552 1986 2638 negari
2027 2552 2162 2618 ullo

164 2631 330 2697 modo
383 2648 645 2723 potest,
707 2638 1047 2705 verissime
1105 2637 1271 2703 id‘a
1331 2638 1491 2701 viris
1539 2637 1822 2723 egregiis
1867 2638 2161 2704 animad-
2221 2685 2231 2701 .

164 2738 385 2813 rersum
444 2748 617 2795 esse.
722 2724 857 2791 Sed
918 2722 1099 2809 quod
1156 2722 1313 2789 inde
1375 2723 1808 2810 collegerunt,
1871 2747 2016 2791 eam
2059 2750 2160 2791 ra·

163 2812 371 2873 tionem
429 2811 508 2877 ab
571 2819 711 2875 arte
773 2821 842 2876 et
894 2810 1153 2875 ratione
1216 2808 1516 2875 Platonis
1575 2832 1718 2875 esse
1765 2809 2183 2895 alieniorem,-

162 2884 229 2953 de
264 2913 333 2957 eo
388 2894 631 2963 habere
690 2896 987 2975 videmur
1045 2920 1165 2961 cur
1219 2896 1361 2961 iure
1422 2892 1710 2980 quodam
1771 2907 1995 2963 nostro
2041 2922 2161 2964 no·

158 2980 335 3043 strum
392 2982 709 3049 iudicium
782 2984 865 3049 ab
945 2982 1236 3068 ipsorum
1312 2982 1644 3046 sententia
1717 2982 2160 3070 seiungamus.

161 3056 391 3149 Quippe
444 3092 593 3135 rem
648 3092 913 3155 gravem
972 3092 1129 3135 sane
1188 3090 1267 3133 ac
1309 3089 1604 3133 severam
1661 3066 1732 3129 in
1790 3067 1918 3135 hoc
1963 3091 2162 3153 opere

162 3147 275 3233 egit
314 3152 533 3237 Plato,
594 3153 751 3219 dum
813 3177 1005 3219 verae
1065 3154 1317 3219 civitati
1356 3153 1540 3239 leges
1587 3152 1874 3250 scripsit.
1962 3150 2164 3218 Certe

160 3252 225 3297 ea
268 3259 365 3301 res
420 3240 701 3305 multum
759 3238 1021 3307 diversa
1064 3241 1193 3305 fuit
1234 3240 1317 3304 ab
1362 3238 1476 3303 illo
1519 3245 1828 3323 negotio,
1875 3238 2054 3322 quod
2097 3240 2165 3305 in

160 3325 529 3403 exquirenda
587 3326 873 3412 optimae
932 3326 1223 3392 civitatis
1296 3324 1516 3411 specie
1575 3332 1642 3387 et
1699 3322 1986 3410 imagine
2055 3348 2163 3391 su·

160 3408 342 3492 eoepit
382 3424 581 3496 atque
628 3412 857 3498 gessit.
950 3412 1121 3477 Nam
1152 3412 1261 3477 hic
1308 3409 1569 3495 quidem
1621 3432 1878 3478 omnem
1920 3411 2164 3499 leporis

159 3498 217 3553 et
264 3496 646 3577 urbanitatis
707 3499 836 3563 vim
904 3508 1102 3583 atque
1162 3496 1417 3581 copiam
1484 3506 1748 3582 poterat
1810 3497 2162 3583 explicare,

162 3596 335 3658 quum
400 3593 467 3647 et
509 3583 659 3668 ipsa
702 3586 1003 3667 quaestio
1048 3594 1223 3651 esset
1269 3581 1665 3647 suavissima
1707 3591 1776 3646 et
1819 3584 2000 3649 nulla
2045 3586 2166 3651 du-

160 3663 343 3731 conda
421 3692 646 3735 eorum
721 3668 1056 3737 hominum
1140 3670 1345 3751 ratic,
1422 3666 1664 3752 quibus
1751 3670 2162 3737 scriberetur.

164 3746 294 3813 Alia
342 3764 559 3821 autem
620 3755 747 3820 fuit
802 3756 1057 3843 Legum
1103 3755 1289 3822 ratio.
1378 3752 1462 3819 In
1507 3752 1610 3819 his
1656 3754 1828 3819 enim
1873 3756 2165 3843 philoso-

163 3830 308 3915 phus
381 3841 831 3927 legumlatoris
868 3860 1251 3927 ‘personam
1310 3841 1638 3905 sustinere
1699 3854 1967 3907 coactus
2017 3843 2166 3921 fuit,

163 3936 289 3987 cum
352 3948 481 4008 qua
552 3927 789 3993 festiva
844 3929 956 3995 illa
1003 3928 1359 4013 hilarisque
1388 3926 1790 4011 disputandi
1834 3928 2002 3992 ratio
2048 3928 2168 3991 mi·-

165 4023 269 4071 nus
320 4014 763 4081 conveniebat.
866 4014 1107 4099 Itaque
1166 4015 1235 4079 in
1291 4012 1590 4099 Legibus
1637 4014 2034 4097 gravitatem
2069 4022 2165 4079 at·

169 4108 278 4191 (φο,
318 4101 729 4169 severitatem
776 4100 1094 4167 orationi-s
1138 4123 1283 4165 eam
1328 4097 1646 4179 adscivit,
1709 4119 1880 4180 quae
1935 4096 2166 4167 decere

171 4176 463 4253 Vlderetur
508 4187 613 4251 vel
661 4187 941 4251 maxime
984 4208 1152 4269 eum,
1200 4186 1317 4270 qui
1364 4206 1580 4247 veram
1631 4182 1964 4249 civitatem
2007 4209 2169 4253 con·
