<?xml version="1.0" encoding="UTF-8"?>
<!DOCTYPE html PUBLIC "-//W3C//DTD XHTML 1.0 Transitional//EN"
    "http://www.w3.org/TR/xhtml1/DTD/xhtml1-transitional.dtd">
<html xmlns="http://www.w3.org/1999/xhtml" xml:lang="en" lang="en">
 <head>
  <title>
</title>
<meta http-equiv="Content-Type" content="text/html;charset=utf-8" />
  <meta name='ocr-system' content='tesseract 3.04.00' />
  <meta name='ocr-capabilities' content='ocr_page ocr_carea ocr_par ocr_line ocrx_word'/>
</head>
<body>
  <div class='ocr_page' id='page_1' title='image "./legesetepinomis00unkngoog_0463.png"; bbox 0 0 2857 4738; ppageno 0'>
   <div class='ocr_carea' id='block_1_1' title="bbox 578 331 1550 580">
    <p class='ocr_par' dir='ltr' id='par_1_1' title="bbox 578 331 1524 566">
     <span class='ocr_line' id='line_1_1' title="bbox 580 331 705 402; baseline 0.016 -10.033"><span class='ocrx_word' id='word_1_1' title='bbox 580 331 705 402; x_wconf 75' lang='grc'><strong>342</strong></span> 
     </span>
     <span class='ocr_line' id='line_1_2' title="bbox 578 495 1550 580; baseline -0.002 -32"><span class='ocrx_word' id='word_1_2' title='bbox 578 499 719 550; x_wconf 72' lang='lat' dir='ltr'><strong>cibus</strong></span> <span class='ocrx_word' id='word_1_3' title='bbox 764 497 980 549; x_wconf 72' lang='lat' dir='ltr'><strong>reddere</strong></span> <span class='ocrx_word' id='word_1_4' title='bbox 1023 515 1065 550; x_wconf 77' lang='lat' dir='ltr'><strong>s</strong></span> <span class='ocrx_word' id='word_1_5' title='bbox 1114 496 1387 580; x_wconf 55' lang='lat' dir='ltr'><strong>respond&amp;</strong></span> <span class='ocrx_word' id='word_1_6' title='bbox 1391 513 1419 548; x_wconf 79' lang='grc' dir='ltr'><strong><em>ο</em></strong></span> <span class='ocrx_word' id='word_1_7' title='bbox 1469 495 1550 546; x_wconf 79' lang='lat' dir='ltr'><strong>in-</strong></span> 
     </span>
    </p>
   </div>
   <div class='ocr_carea' id='block_1_2' title="bbox 580 564 1556 1108">
    <p class='ocr_par' dir='ltr' id='par_1_2' title="bbox 580 564 1556 1108">
     <span class='ocr_line' id='line_1_3' title="bbox 580 564 1550 626; baseline -0.007 -7"><span class='ocrx_word' id='word_1_8' title='bbox 580 575 661 619; x_wconf 71' lang='lat' dir='ltr'><strong>ter</strong></span> <span class='ocrx_word' id='word_1_9' title='bbox 693 583 748 617; x_wconf 73' lang='lat' dir='ltr'><strong>se</strong></span> <span class='ocrx_word' id='word_1_10' title='bbox 793 565 985 626; x_wconf 76' lang='lat' dir='ltr'><strong>iubere,</strong></span> <span class='ocrx_word' id='word_1_11' title='bbox 1029 565 1105 617; x_wconf 73' lang='lat' dir='ltr'><strong>ita</strong></span> <span class='ocrx_word' id='word_1_12' title='bbox 1144 573 1199 616; x_wconf 77' lang='lat' dir='ltr'><strong>ut</strong></span> <span class='ocrx_word' id='word_1_13' title='bbox 1234 565 1339 616; x_wconf 78' lang='lat' dir='ltr'><strong>sint</strong></span> <span class='ocrx_word' id='word_1_14' title='bbox 1382 564 1550 616; x_wconf 77' lang='lat' dir='ltr'><strong>utrin-</strong></span> 
     </span>
     <span class='ocr_line' id='line_1_4' title="bbox 582 635 1552 702; baseline -0.004 -16"><span class='ocrx_word' id='word_1_15' title='bbox 582 653 681 702; x_wconf 77' lang='lat' dir='ltr'><strong>que</strong></span> <span class='ocrx_word' id='word_1_16' title='bbox 736 651 997 686; x_wconf 75' lang='lat' dir='ltr'><strong>mouns.</strong></span> <span class='ocrx_word' id='word_1_17' title='bbox 1088 635 1351 686; x_wconf 80' lang='lat' dir='ltr'><strong>Nimirum</strong></span> <span class='ocrx_word' id='word_1_18' title='bbox 1404 636 1552 697; x_wconf 81' lang='lat' dir='ltr'><strong>lyrae</strong></span> 
     </span>
     <span class='ocr_line' id='line_1_5' title="bbox 584 705 1552 756; baseline -0.002 -2"><span class='ocrx_word' id='word_1_19' title='bbox 584 712 795 756; x_wconf 87' lang='lat' dir='ltr'><strong>cantum</strong></span> <span class='ocrx_word' id='word_1_20' title='bbox 848 715 1257 756; x_wconf 85' lang='lat' dir='ltr'><strong>consentaneum</strong></span> <span class='ocrx_word' id='word_1_21' title='bbox 1303 711 1385 754; x_wconf 86' lang='lat' dir='ltr'><strong>est</strong></span> <span class='ocrx_word' id='word_1_22' title='bbox 1435 705 1552 752; x_wconf 80' lang='lat' dir='ltr'><strong>voci</strong></span> 
     </span>
     <span class='ocr_line' id='line_1_6' title="bbox 586 773 1553 836; baseline -0.004 -12"><span class='ocrx_word' id='word_1_23' title='bbox 586 777 825 824; x_wconf 85' lang='lat' dir='ltr'><strong>canentis</strong></span> <span class='ocrx_word' id='word_1_24' title='bbox 861 775 1184 836; x_wconf 85' lang='lat' dir='ltr'><strong>respondere</strong></span> <span class='ocrx_word' id='word_1_25' title='bbox 1211 789 1273 823; x_wconf 91' lang='lat' dir='ltr'><strong>ac</strong></span> <span class='ocrx_word' id='word_1_26' title='bbox 1308 773 1553 823; x_wconf 81' lang='lat' dir='ltr'><strong>vicissim.</strong></span> 
     </span>
     <span class='ocr_line' id='line_1_7' title="bbox 589 835 1552 925; baseline -0.002 -33"><span class='ocrx_word' id='word_1_27' title='bbox 589 843 738 902; x_wconf 84' lang='lat' dir='ltr'><strong>Quae</strong></span> <span class='ocrx_word' id='word_1_28' title='bbox 782 846 1153 925; x_wconf 68' lang='lat' dir='ltr'><strong>interpretatio</strong></span> <span class='ocrx_word' id='word_1_29' title='bbox 1202 835 1269 892; x_wconf 78' lang='lat' dir='ltr'><strong>eo&#39;</strong></span> <span class='ocrx_word' id='word_1_30' title='bbox 1314 851 1399 893; x_wconf 89' lang='lat' dir='ltr'><strong>est</strong></span> <span class='ocrx_word' id='word_1_31' title='bbox 1443 857 1552 891; x_wconf 87' lang='lat' dir='ltr'><strong>cer-</strong></span> 
     </span>
     <span class='ocr_line' id='line_1_8' title="bbox 586 908 1554 978; baseline -0.003 -16"><span class='ocrx_word' id='word_1_32' title='bbox 586 915 709 975; x_wconf 89' lang='lat' dir='ltr'><strong>tior,</strong></span> <span class='ocrx_word' id='word_1_33' title='bbox 747 914 893 978; x_wconf 87' lang='lat' dir='ltr'><strong>quod</strong></span> <span class='ocrx_word' id='word_1_34' title='bbox 932 908 1225 978; x_wconf 75' lang='grc' dir='ltr'><strong><em>πρόςχορδα</em></strong></span> <span class='ocrx_word' id='word_1_35' title='bbox 1256 928 1362 962; x_wconf 90' lang='lat' dir='ltr'><strong>non</strong></span> <span class='ocrx_word' id='word_1_36' title='bbox 1396 911 1554 960; x_wconf 88' lang='lat' dir='ltr'><strong>modo</strong></span> 
     </span>
     <span class='ocr_line' id='line_1_9' title="bbox 588 978 1556 1042; baseline -0.005 -11"><span class='ocrx_word' id='word_1_37' title='bbox 588 990 669 1032; x_wconf 81' lang='lat' dir='ltr'><strong>est</strong></span> <span class='ocrx_word' id='word_1_38' title='bbox 704 979 908 1032; x_wconf 72' lang='lat' dir='ltr'><strong>chordis</strong></span> <span class='ocrx_word' id='word_1_39' title='bbox 942 997 1184 1042; x_wconf 74' lang='lat' dir='ltr'><strong>consona,</strong></span> <span class='ocrx_word' id='word_1_40' title='bbox 1222 981 1295 1030; x_wconf 79' lang='lat' dir='ltr'><strong>ud</strong></span> <span class='ocrx_word' id='word_1_41' title='bbox 1332 978 1556 1030; x_wconf 72' lang='lat' dir='ltr'><strong>chordas</strong></span> 
     </span>
     <span class='ocr_line' id='line_1_10' title="bbox 589 1049 1556 1108; baseline -0.003 -7"><span class='ocrx_word' id='word_1_42' title='bbox 589 1049 959 1108; x_wconf 69' lang='lat' dir='ltr'><strong>convenientia,</strong></span> <span class='ocrx_word' id='word_1_43' title='bbox 999 1052 1092 1099; x_wconf 87' lang='lat' dir='ltr'><strong>sed</strong></span> <span class='ocrx_word' id='word_1_44' title='bbox 1128 1051 1345 1099; x_wconf 86' lang='lat' dir='ltr'><strong>omnino</strong></span> <span class='ocrx_word' id='word_1_45' title='bbox 1380 1063 1474 1098; x_wconf 78' lang='lat' dir='ltr'><strong>con</strong></span> <span class='ocrx_word' id='word_1_46' title='bbox 1503 1063 1556 1098; x_wconf 81' lang='grc' dir='ltr'><strong>ο-</strong></span> 
     </span>
    </p>
   </div>
   <div class='ocr_carea' id='block_1_3' title="bbox 587 1119 1592 1184">
    <p class='ocr_par' dir='ltr' id='par_1_3' title="bbox 587 1119 1592 1184">
     <span class='ocr_line' id='line_1_11' title="bbox 587 1119 1592 1184; baseline -0.003 -16"><span class='ocrx_word' id='word_1_47' title='bbox 587 1137 681 1180; x_wconf 74' lang='lat' dir='ltr'><strong>mi,</strong></span> <span class='ocrx_word' id='word_1_48' title='bbox 726 1126 865 1168; x_wconf 88' lang='lat' dir='ltr'><strong>utne</strong></span> <span class='ocrx_word' id='word_1_49' title='bbox 898 1120 967 1169; x_wconf 89' lang='lat' dir='ltr'><strong>ad</strong></span> <span class='ocrx_word' id='word_1_50' title='bbox 1012 1122 1301 1184; x_wconf 71' lang='lat' dir='ltr'><strong>zeugmatis</strong></span> <span class='ocrx_word' id='word_1_51' title='bbox 1340 1119 1556 1181; x_wconf 88' lang='lat' dir='ltr'><strong>quidem</strong></span> <span class='ocrx_word' id='word_1_52' title='bbox 1581 1143 1592 1154; x_wconf 88' lang='lat'><strong>·</strong></span> 
     </span>
    </p>
   </div>
   <div class='ocr_carea' id='block_1_4' title="bbox 588 1186 1564 2705">
    <p class='ocr_par' dir='ltr' id='par_1_4' title="bbox 588 1186 1564 2705">
     <span class='ocr_line' id='line_1_12' title="bbox 588 1186 1552 1252; baseline -0.005 -14"><span class='ocrx_word' id='word_1_53' title='bbox 588 1189 814 1252; x_wconf 81' lang='lat' dir='ltr'><strong>figuram</strong></span> <span class='ocrx_word' id='word_1_54' title='bbox 834 1190 1246 1252; x_wconf 83' lang='lat' dir='ltr'><strong>confugiendum</strong></span> <span class='ocrx_word' id='word_1_55' title='bbox 1268 1189 1361 1246; x_wconf 62' lang='grc' dir='ltr'><strong>εἰη</strong></span> <span class='ocrx_word' id='word_1_56' title='bbox 1387 1186 1552 1250; x_wconf 61' lang='lat' dir='ltr'><strong>(piter-</strong></span> 
     </span>
     <span class='ocr_line' id='line_1_13' title="bbox 591 1257 1556 1319; baseline -0.003 -13"><span class='ocrx_word' id='word_1_57' title='bbox 591 1275 719 1319; x_wconf 77' lang='grc' dir='ltr'><strong>ματα</strong></span> <span class='ocrx_word' id='word_1_58' title='bbox 767 1266 940 1307; x_wconf 88' lang='lat' dir='ltr'><strong>autem</strong></span> <span class='ocrx_word' id='word_1_59' title='bbox 996 1261 1130 1308; x_wconf 84' lang='lat' dir='ltr'><strong>nihii</strong></span> <span class='ocrx_word' id='word_1_60' title='bbox 1198 1259 1344 1307; x_wconf 87' lang='lat' dir='ltr'><strong>aliud</strong></span> <span class='ocrx_word' id='word_1_61' title='bbox 1392 1257 1556 1318; x_wconf 84' lang='lat' dir='ltr'><strong>signi·</strong></span> 
     </span>
     <span class='ocr_line' id='line_1_14' title="bbox 590 1321 1555 1392; baseline -0.005 -16"><span class='ocrx_word' id='word_1_62' title='bbox 590 1328 715 1377; x_wconf 80' lang='lat' dir='ltr'><strong>flcat</strong></span> <span class='ocrx_word' id='word_1_63' title='bbox 762 1343 914 1392; x_wconf 89' lang='lat' dir='ltr'><strong>quam</strong></span> <span class='ocrx_word' id='word_1_64' title='bbox 961 1337 1326 1392; x_wconf 78' lang='lat' dir='ltr'><strong>antegressum</strong></span> <span class='ocrx_word' id='word_1_65' title='bbox 1374 1321 1555 1390; x_wconf 77' lang='grc' dir='ltr'><em>φθόγ·</em></span> 
     </span>
     <span class='ocr_line' id='line_1_15' title="bbox 594 1397 1555 1462; baseline -0.002 -18"><span class='ocrx_word' id='word_1_66' title='bbox 594 1413 701 1462; x_wconf 65' lang='lat' dir='ltr'><strong>you</strong></span> <span class='ocrx_word' id='word_1_67' title='bbox 741 1399 881 1461; x_wconf 88' lang='lat' dir='ltr'><strong>quod</strong></span> <span class='ocrx_word' id='word_1_68' title='bbox 922 1405 1131 1446; x_wconf 87' lang='lat' dir='ltr'><strong>constat</strong></span> <span class='ocrx_word' id='word_1_69' title='bbox 1164 1397 1407 1460; x_wconf 86' lang='lat' dir='ltr'><strong>usurpari</strong></span> <span class='ocrx_word' id='word_1_70' title='bbox 1447 1410 1555 1442; x_wconf 90' lang='lat' dir='ltr'><strong>om-</strong></span> 
     </span>
     <span class='ocr_line' id='line_1_16' title="bbox 591 1461 1558 1517; baseline -0.005 -2"><span class='ocrx_word' id='word_1_71' title='bbox 591 1468 721 1516; x_wconf 87' lang='lat' dir='ltr'><strong>nino</strong></span> <span class='ocrx_word' id='word_1_72' title='bbox 760 1467 826 1516; x_wconf 83' lang='lat' dir='ltr'><strong>de</strong></span> <span class='ocrx_word' id='word_1_73' title='bbox 858 1466 997 1516; x_wconf 71' lang='lat' dir='ltr'><strong>tonis</strong></span> <span class='ocrx_word' id='word_1_74' title='bbox 1032 1472 1080 1517; x_wconf 71' lang='lat' dir='ltr'><strong>ei</strong></span> <span class='ocrx_word' id='word_1_75' title='bbox 1116 1465 1315 1516; x_wconf 70' lang='grc' dir='ltr'><strong>οιυοίῠυο</strong></span> <span class='ocrx_word' id='word_1_76' title='bbox 1355 1461 1558 1514; x_wconf 72' lang='lat' dir='ltr'><strong>musicis</strong></span> 
     </span>
     <span class='ocr_line' id='line_1_17' title="bbox 591 1534 1558 1601; baseline -0.004 -15"><span class='ocrx_word' id='word_1_77' title='bbox 591 1534 831 1601; x_wconf 65' lang='grc' dir='ltr'><strong>(Πίσης,</strong></span> <span class='ocrx_word' id='word_1_78' title='bbox 888 1535 1053 1600; x_wconf 76' lang='grc' dir='ltr'>Τοιι];</span> <span class='ocrx_word' id='word_1_79' title='bbox 1106 1538 1245 1585; x_wconf 89' lang='lat' dir='ltr'><strong>unde</strong></span> <span class='ocrx_word' id='word_1_80' title='bbox 1298 1535 1558 1584; x_wconf 81' lang='lat' dir='ltr'><strong>Aristo·</strong></span> 
     </span>
     <span class='ocr_line' id='line_1_18' title="bbox 592 1620 837 1668; baseline -0.004 -16"><span class='ocrx_word' id='word_1_81' title='bbox 592 1620 731 1652; x_wconf 82' lang='lat' dir='ltr'><strong>xen.</strong></span> <span class='ocrx_word' id='word_1_82' title='bbox 786 1620 837 1668; x_wconf 87' lang='lat' dir='ltr'><strong>p.</strong></span> 
     </span>
     <span class='ocr_line' id='line_1_19' title="bbox 592 1671 1559 1738; baseline -0.006 -16"><span class='ocrx_word' id='word_1_83' title='bbox 592 1690 642 1737; x_wconf 90' lang='lat' dir='ltr'><strong>p.</strong></span> <span class='ocrx_word' id='word_1_84' title='bbox 707 1674 757 1724; x_wconf 89' lang='lat'><strong>3.</strong></span> <span class='ocrx_word' id='word_1_85' title='bbox 822 1671 1075 1736; x_wconf 65' lang='grc' dir='ltr'><strong>φθόγγον</strong></span> <span class='ocrx_word' id='word_1_86' title='bbox 1140 1677 1559 1738; x_wconf 70' lang='lat' dir='ltr'><strong>interpretantur</strong></span> 
     </span>
     <span class='ocr_line' id='line_1_20' title="bbox 594 1741 1562 1804; baseline -0.003 -15"><span class='ocrx_word' id='word_1_87' title='bbox 594 1744 781 1804; x_wconf 63' lang='grc' dir='ltr'><strong><em>φωνῆς</em></strong></span> <span class='ocrx_word' id='word_1_88' title='bbox 818 1743 1008 1791; x_wconf 69' lang='grc' dir='ltr'><em>πτῶσιν</em></span> <span class='ocrx_word' id='word_1_89' title='bbox 1044 1741 1125 1790; x_wconf 79' lang='grc' dir='ltr'><strong>ἐπὶ</strong></span> <span class='ocrx_word' id='word_1_90' title='bbox 1154 1746 1272 1802; x_wconf 76' lang='grc' dir='ltr'><strong>μίαν</strong></span> <span class='ocrx_word' id='word_1_91' title='bbox 1313 1741 1471 1796; x_wconf 66' lang='grc' dir='ltr'><em>τάσιν,</em></span> <span class='ocrx_word' id='word_1_92' title='bbox 1509 1747 1562 1787; x_wconf 92' lang='lat' dir='ltr'><strong>et</strong></span> 
     </span>
     <span class='ocr_line' id='line_1_21' title="bbox 595 1808 1562 1875; baseline -0.005 -15"><span class='ocrx_word' id='word_1_93' title='bbox 595 1811 879 1860; x_wconf 86' lang='lat' dir='ltr'><strong>Aristid.</strong></span> <span class='ocrx_word' id='word_1_94' title='bbox 918 1827 970 1875; x_wconf 89' lang='lat' dir='ltr'><strong>p.</strong></span> <span class='ocrx_word' id='word_1_95' title='bbox 1001 1811 1049 1862; x_wconf 89' lang='grc'><strong>9.</strong></span> <span class='ocrx_word' id='word_1_96' title='bbox 1089 1814 1275 1875; x_wconf 67' lang='grc' dir='ltr'><strong><em>φωνῆς</em></strong></span> <span class='ocrx_word' id='word_1_97' title='bbox 1308 1808 1562 1870; x_wconf 68' lang='grc' dir='ltr'><em>ἐμμελοῦς</em></span> 
     </span>
     <span class='ocr_line' id='line_1_22' title="bbox 591 1877 1560 1943; baseline -0.002 -15"><span class='ocrx_word' id='word_1_98' title='bbox 591 1878 749 1943; x_wconf 71' lang='grc' dir='ltr'><em>μέρος</em></span> <span class='ocrx_word' id='word_1_99' title='bbox 799 1877 1074 1942; x_wconf 73' lang='grc' dir='ltr'><strong>ἐλάχιστον.</strong></span> <span class='ocrx_word' id='word_1_100' title='bbox 1156 1882 1216 1930; x_wconf 91' lang='lat' dir='ltr'><strong>In</strong></span> <span class='ocrx_word' id='word_1_101' title='bbox 1272 1881 1374 1928; x_wconf 89' lang='lat' dir='ltr'><strong>hoc</strong></span> <span class='ocrx_word' id='word_1_102' title='bbox 1428 1894 1560 1926; x_wconf 82' lang='lat' dir='ltr'><strong>vero</strong></span> 
     </span>
     <span class='ocr_line' id='line_1_23' title="bbox 590 1948 1561 2014; baseline 0.001 -16"><span class='ocrx_word' id='word_1_103' title='bbox 590 1949 840 1998; x_wconf 84' lang='lat' dir='ltr'><strong>cantandi</strong></span> <span class='ocrx_word' id='word_1_104' title='bbox 862 1953 1077 2013; x_wconf 86' lang='lat' dir='ltr'><strong>negotio</strong></span> <span class='ocrx_word' id='word_1_105' title='bbox 1107 1959 1363 2014; x_wconf 85' lang='lat' dir='ltr'><strong>tanquam</strong></span> <span class='ocrx_word' id='word_1_106' title='bbox 1390 1948 1561 1999; x_wconf 78' lang='lat' dir='ltr'><strong>utilis·</strong></span> 
     </span>
     <span class='ocr_line' id='line_1_24' title="bbox 592 2020 1558 2082; baseline -0.002 -14"><span class='ocrx_word' id='word_1_107' title='bbox 592 2020 755 2068; x_wconf 85' lang='lat' dir='ltr'><strong>simus</strong></span> <span class='ocrx_word' id='word_1_108' title='bbox 804 2021 1202 2070; x_wconf 86' lang='lat' dir='ltr'><strong>commendatur</strong></span> <span class='ocrx_word' id='word_1_109' title='bbox 1250 2023 1393 2082; x_wconf 86' lang='lat' dir='ltr'><strong>lyrae</strong></span> <span class='ocrx_word' id='word_1_110' title='bbox 1433 2032 1558 2066; x_wconf 81' lang='lat' dir='ltr'><strong>usus</strong></span> 
     </span>
     <span class='ocr_line' id='line_1_25' title="bbox 590 2089 1560 2152; baseline -0.002 -16"><span class='ocrx_word' id='word_1_111' title='bbox 590 2096 808 2152; x_wconf 88' lang='lat' dir='ltr'><strong>propter</strong></span> <span class='ocrx_word' id='word_1_112' title='bbox 868 2089 1186 2139; x_wconf 86' lang='lat' dir='ltr'><strong>chordarum</strong></span> <span class='ocrx_word' id='word_1_113' title='bbox 1248 2090 1560 2138; x_wconf 80' lang='lat' dir='ltr'><strong>claritatem.</strong></span> 
     </span>
     <span class='ocr_line' id='line_1_26' title="bbox 592 2157 1564 2216; baseline -0.002 -10"><span class='ocrx_word' id='word_1_114' title='bbox 592 2157 751 2216; x_wconf 80' lang='lat' dir='ltr'><strong>Quod</strong></span> <span class='ocrx_word' id='word_1_115' title='bbox 832 2158 1062 2208; x_wconf 81' lang='lat' dir='ltr'><strong>fortasse</strong></span> <span class='ocrx_word' id='word_1_116' title='bbox 1144 2159 1303 2208; x_wconf 89' lang='lat' dir='ltr'><strong>alicui</strong></span> <span class='ocrx_word' id='word_1_117' title='bbox 1371 2158 1564 2206; x_wconf 85' lang='lat' dir='ltr'><strong>mirum</strong></span> 
     </span>
     <span class='ocr_line' id='line_1_27' title="bbox 592 2227 1560 2292; baseline -0.002 -16"><span class='ocrx_word' id='word_1_118' title='bbox 592 2227 825 2288; x_wconf 83' lang='lat' dir='ltr'><strong>accidat,</strong></span> <span class='ocrx_word' id='word_1_119' title='bbox 910 2230 1161 2292; x_wconf 89' lang='lat' dir='ltr'><strong>quoniam</strong></span> <span class='ocrx_word' id='word_1_120' title='bbox 1231 2227 1560 2276; x_wconf 72' lang='lat' dir='ltr'><strong>citharistam</strong></span> 
     </span>
     <span class='ocr_line' id='line_1_28' title="bbox 595 2297 1562 2361; baseline 0 -17"><span class='ocrx_word' id='word_1_121' title='bbox 595 2297 775 2358; x_wconf 88' lang='lat' dir='ltr'><strong>potius</strong></span> <span class='ocrx_word' id='word_1_122' title='bbox 810 2297 1015 2347; x_wconf 83' lang='lat' dir='ltr'><strong>cithara</strong></span> <span class='ocrx_word' id='word_1_123' title='bbox 1054 2313 1209 2361; x_wconf 86' lang='lat' dir='ltr'><strong>quam</strong></span> <span class='ocrx_word' id='word_1_124' title='bbox 1234 2299 1347 2360; x_wconf 86' lang='lat' dir='ltr'><strong>lyra</strong></span> <span class='ocrx_word' id='word_1_125' title='bbox 1374 2298 1562 2346; x_wconf 78' lang='lat' dir='ltr'><strong>decere</strong></span> 
     </span>
     <span class='ocr_line' id='line_1_29' title="bbox 597 2367 1562 2419; baseline 0.004 -8"><span class='ocrx_word' id='word_1_126' title='bbox 597 2367 855 2419; x_wconf 83' lang='lat' dir='ltr'><strong>videatur.</strong></span> <span class='ocrx_word' id='word_1_127' title='bbox 945 2367 1015 2415; x_wconf 84' lang='lat' dir='ltr'><strong>Et</strong></span> <span class='ocrx_word' id='word_1_128' title='bbox 1076 2367 1179 2417; x_wconf 78' lang='lat' dir='ltr'><strong>fuit.</strong></span> <span class='ocrx_word' id='word_1_129' title='bbox 1236 2375 1375 2417; x_wconf 88' lang='lat' dir='ltr'><strong>certe</strong></span> <span class='ocrx_word' id='word_1_130' title='bbox 1428 2375 1562 2415; x_wconf 87' lang='lat' dir='ltr'><strong>teste</strong></span> 
     </span>
     <span class='ocr_line' id='line_1_30' title="bbox 595 2436 1560 2492; baseline -0.001 -9"><span class='ocrx_word' id='word_1_131' title='bbox 595 2437 904 2485; x_wconf 82' lang='lat' dir='ltr'><strong>Aristide</strong></span> <span class='ocrx_word' id='word_1_132' title='bbox 940 2438 1220 2492; x_wconf 79' lang='lat' dir='ltr'><strong>Quintil.</strong></span> <span class='ocrx_word' id='word_1_133' title='bbox 1274 2437 1357 2486; x_wconf 89' lang='lat' dir='ltr'><strong>De</strong></span> <span class='ocrx_word' id='word_1_134' title='bbox 1394 2436 1560 2483; x_wconf 83' lang='lat' dir='ltr'><strong>Musi-</strong></span> 
     </span>
     <span class='ocr_line' id='line_1_31' title="bbox 594 2504 1557 2567; baseline 0.001 -15"><span class='ocrx_word' id='word_1_135' title='bbox 594 2519 657 2553; x_wconf 81' lang='lat' dir='ltr'><strong>ca</strong></span> <span class='ocrx_word' id='word_1_136' title='bbox 690 2506 899 2567; x_wconf 77' lang='lat' dir='ltr'><strong>p.10·.</strong></span> <span class='ocrx_word' id='word_1_137' title='bbox 942 2515 993 2553; x_wconf 88' lang='lat' dir='ltr'><strong>et</strong></span> <span class='ocrx_word' id='word_1_138' title='bbox 1015 2506 1296 2556; x_wconf 87' lang='lat' dir='ltr'><strong>Platone</strong></span> <span class='ocrx_word' id='word_1_139' title='bbox 1322 2506 1403 2554; x_wconf 89' lang='lat' dir='ltr'><strong>De</strong></span> <span class='ocrx_word' id='word_1_140' title='bbox 1424 2504 1557 2567; x_wconf 82' lang='lat' dir='ltr'><strong>Rep.</strong></span> 
     </span>
     <span class='ocr_line' id='line_1_32' title="bbox 594 2572 1564 2638; baseline -0.001 -16"><span class='ocrx_word' id='word_1_141' title='bbox 594 2572 681 2622; x_wconf 86' lang='grc' dir='ltr'><strong>ΙΙΙ.</strong></span> <span class='ocrx_word' id='word_1_142' title='bbox 724 2590 775 2636; x_wconf 88' lang='lat' dir='ltr'><strong>p.</strong></span> <span class='ocrx_word' id='word_1_143' title='bbox 806 2574 926 2627; x_wconf 85' lang='lat'><strong>399.</strong></span> <span class='ocrx_word' id='word_1_144' title='bbox 960 2574 1021 2623; x_wconf 89' lang='lat' dir='ltr'><strong>C.</strong></span> <span class='ocrx_word' id='word_1_145' title='bbox 1044 2576 1260 2638; x_wconf 85' lang='lat' dir='ltr'><strong>aliquod</strong></span> <span class='ocrx_word' id='word_1_146' title='bbox 1286 2575 1564 2637; x_wconf 87' lang='lat' dir='ltr'><strong>utriusque</strong></span> 
     </span>
     <span class='ocr_line' id='line_1_33' title="bbox 592 2643 1562 2705; baseline 0 -16"><span class='ocrx_word' id='word_1_147' title='bbox 592 2643 903 2703; x_wconf 74' lang='lat' dir='ltr'><strong>discrimen,</strong></span> <span class='ocrx_word' id='word_1_148' title='bbox 942 2643 1008 2691; x_wconf 87' lang='lat' dir='ltr'><strong>de</strong></span> <span class='ocrx_word' id='word_1_149' title='bbox 1046 2660 1151 2705; x_wconf 89' lang='lat' dir='ltr'><strong>quo</strong></span> <span class='ocrx_word' id='word_1_150' title='bbox 1196 2649 1562 2705; x_wconf 83' lang='lat' dir='ltr'><strong>exposuerunt</strong></span> 
     </span>
    </p>
   </div>
   <div class='ocr_carea' id='block_1_5' title="bbox 591 2707 1607 2771">
    <p class='ocr_par' dir='ltr' id='par_1_5' title="bbox 591 2707 1607 2771">
     <span class='ocr_line' id='line_1_34' title="bbox 591 2707 1607 2771; baseline 0.003 -13"><span class='ocrx_word' id='word_1_151' title='bbox 591 2708 913 2771; x_wconf 78' lang='lat' dir='ltr'><strong>Scaliger.</strong></span> <span class='ocrx_word' id='word_1_152' title='bbox 970 2712 1039 2759; x_wconf 81' lang='lat' dir='ltr'><strong>ad</strong></span> <span class='ocrx_word' id='word_1_153' title='bbox 1088 2712 1282 2761; x_wconf 81' lang='lat' dir='ltr'><strong>Manil.</strong></span> <span class='ocrx_word' id='word_1_154' title='bbox 1332 2713 1387 2762; x_wconf 87' lang='lat' dir='ltr'><strong>V.</strong></span> <span class='ocrx_word' id='word_1_155' title='bbox 1435 2711 1558 2765; x_wconf 82' lang='lat'><strong>318.</strong></span> <span class='ocrx_word' id='word_1_156' title='bbox 1600 2707 1607 2718; x_wconf 73' lang='lat'><em>⁶</em></span> 
     </span>
    </p>
   </div>
   <div class='ocr_carea' id='block_1_6' title="bbox 575 2776 1560 4277">
    <p class='ocr_par' dir='ltr' id='par_1_6' title="bbox 580 2776 1560 4087">
     <span class='ocr_line' id='line_1_35' title="bbox 590 2776 1552 2843; baseline 0.004 -18"><span class='ocrx_word' id='word_1_157' title='bbox 590 2776 763 2840; x_wconf 88' lang='lat' dir='ltr'><strong>Span</strong></span> <span class='ocrx_word' id='word_1_158' title='bbox 778 2779 850 2825; x_wconf 87' lang='lat' dir='ltr'><strong>he</strong></span> <span class='ocrx_word' id='word_1_159' title='bbox 866 2792 931 2826; x_wconf 87' lang='lat' dir='ltr'><strong>m.</strong></span> <span class='ocrx_word' id='word_1_160' title='bbox 947 2779 1013 2826; x_wconf 83' lang='lat' dir='ltr'><strong>ud</strong></span> <span class='ocrx_word' id='word_1_161' title='bbox 1034 2778 1345 2829; x_wconf 78' lang='lat' dir='ltr'><strong>callimach.</strong></span> <span class='ocrx_word' id='word_1_162' title='bbox 1360 2782 1552 2843; x_wconf 83' lang='lat' dir='ltr'><strong>Hymu.</strong></span> 
     </span>
     <span class='ocr_line' id='line_1_36' title="bbox 588 2846 1558 2900; baseline 0.005 -6"><span class='ocrx_word' id='word_1_163' title='bbox 588 2848 645 2894; x_wconf 90' lang='lat' dir='ltr'><strong>in</strong></span> <span class='ocrx_word' id='word_1_164' title='bbox 692 2846 812 2895; x_wconf 90' lang='lat' dir='ltr'><strong>Del.</strong></span> <span class='ocrx_word' id='word_1_165' title='bbox 866 2862 911 2897; x_wconf 84' lang='lat' dir='ltr'><strong>v.</strong></span> <span class='ocrx_word' id='word_1_166' title='bbox 962 2847 1082 2900; x_wconf 81' lang='grc'><strong>253.</strong></span> <span class='ocrx_word' id='word_1_167' title='bbox 1162 2850 1558 2899; x_wconf 82' lang='lat' dir='ltr'><strong>Perizonius</strong></span> 
     </span>
     <span class='ocr_line' id='line_1_37' title="bbox 588 2916 1560 2971; baseline 0.006 -8"><span class='ocrx_word' id='word_1_168' title='bbox 588 2917 657 2964; x_wconf 90' lang='lat' dir='ltr'><strong>ad</strong></span> <span class='ocrx_word' id='word_1_169' title='bbox 679 2916 793 2964; x_wconf 84' lang='lat' dir='ltr'><strong>Ael.</strong></span> <span class='ocrx_word' id='word_1_170' title='bbox 826 2916 979 2965; x_wconf 87' lang='lat' dir='ltr'><strong>Varr.</strong></span> <span class='ocrx_word' id='word_1_171' title='bbox 1001 2918 1139 2968; x_wconf 85' lang='lat' dir='ltr'><strong>Hist.</strong></span> <span class='ocrx_word' id='word_1_172' title='bbox 1164 2919 1247 2971; x_wconf 84' lang='grc' dir='ltr'><strong>ΙΙΙ.</strong></span> <span class='ocrx_word' id='word_1_173' title='bbox 1272 2918 1359 2970; x_wconf 85' lang='grc'><strong>32.</strong></span> <span class='ocrx_word' id='word_1_174' title='bbox 1403 2918 1450 2968; x_wconf 79' lang='lat' dir='ltr'><strong>G</strong></span> <span class='ocrx_word' id='word_1_175' title='bbox 1467 2936 1560 2969; x_wconf 86' lang='lat' dir='ltr'><strong>es-</strong></span> 
     </span>
     <span class='ocr_line' id='line_1_38' title="bbox 591 2984 1558 3051; baseline 0.002 -18"><span class='ocrx_word' id='word_1_176' title='bbox 591 3000 787 3035; x_wconf 88' lang='lat' dir='ltr'><strong>ncrus</strong></span> <span class='ocrx_word' id='word_1_177' title='bbox 824 2986 893 3034; x_wconf 85' lang='lat' dir='ltr'><strong>ad</strong></span> <span class='ocrx_word' id='word_1_178' title='bbox 932 2984 1131 3049; x_wconf 81' lang='lat' dir='ltr'><strong>Orphei</strong></span> <span class='ocrx_word' id='word_1_179' title='bbox 1172 2992 1471 3051; x_wconf 82' lang='lat' dir='ltr'><strong>Argonaut.</strong></span> <span class='ocrx_word' id='word_1_180' title='bbox 1511 3005 1558 3037; x_wconf 80' lang='lat' dir='ltr'><strong>v.</strong></span> 
     </span>
     <span class='ocr_line' id='line_1_39' title="bbox 588 3054 1560 3107; baseline 0.002 -3"><span class='ocrx_word' id='word_1_181' title='bbox 588 3054 709 3106; x_wconf 84' lang='lat'><strong>380.</strong></span> <span class='ocrx_word' id='word_1_182' title='bbox 752 3065 805 3104; x_wconf 91' lang='lat' dir='ltr'><strong>et</strong></span> <span class='ocrx_word' id='word_1_183' title='bbox 852 3054 1108 3105; x_wconf 85' lang='lat' dir='ltr'><strong>Forkel.</strong></span> <span class='ocrx_word' id='word_1_184' title='bbox 1164 3058 1368 3105; x_wconf 86' lang='lat' dir='ltr'><strong>Histor.</strong></span> <span class='ocrx_word' id='word_1_185' title='bbox 1416 3058 1560 3107; x_wconf 86' lang='lat' dir='ltr'><strong>Mus.</strong></span> 
     </span>
     <span class='ocr_line' id='line_1_40' title="bbox 590 3124 1558 3190; baseline 0.002 -19"><span class='ocrx_word' id='word_1_186' title='bbox 590 3124 707 3173; x_wconf 85' lang='lat' dir='ltr'><strong>Vol.</strong></span> <span class='ocrx_word' id='word_1_187' title='bbox 742 3125 787 3173; x_wconf 91' lang='grc' dir='ltr'><strong>Ι.</strong></span> <span class='ocrx_word' id='word_1_188' title='bbox 819 3140 869 3187; x_wconf 87' lang='lat' dir='ltr'><strong>p.</strong></span> <span class='ocrx_word' id='word_1_189' title='bbox 894 3125 1011 3177; x_wconf 87' lang='grc'><strong>200.</strong></span> <span class='ocrx_word' id='word_1_190' title='bbox 1042 3142 1125 3190; x_wconf 88' lang='lat' dir='ltr'><strong>sq.</strong></span> <span class='ocrx_word' id='word_1_191' title='bbox 1164 3128 1256 3188; x_wconf 86' lang='lat' dir='ltr'><strong>qui</strong></span> <span class='ocrx_word' id='word_1_192' title='bbox 1296 3141 1394 3176; x_wconf 86' lang='lat' dir='ltr'><strong>sua</strong></span> <span class='ocrx_word' id='word_1_193' title='bbox 1428 3126 1558 3175; x_wconf 89' lang='lat' dir='ltr'><strong>hau-</strong></span> 
     </span>
     <span class='ocr_line' id='line_1_41' title="bbox 588 3193 1556 3247; baseline 0.006 -6"><span class='ocrx_word' id='word_1_194' title='bbox 588 3194 659 3241; x_wconf 87' lang='lat' dir='ltr'><strong>sit</strong></span> <span class='ocrx_word' id='word_1_195' title='bbox 710 3209 775 3242; x_wconf 88' lang='lat' dir='ltr'><strong>ex</strong></span> <span class='ocrx_word' id='word_1_196' title='bbox 832 3193 1114 3244; x_wconf 84' lang='lat' dir='ltr'><strong>Buretto</strong></span> <span class='ocrx_word' id='word_1_197' title='bbox 1168 3196 1325 3245; x_wconf 85' lang='lat' dir='ltr'><strong>Mem.</strong></span> <span class='ocrx_word' id='word_1_198' title='bbox 1386 3196 1556 3247; x_wconf 84' lang='lat' dir='ltr'><strong>Acad.</strong></span> 
     </span>
     <span class='ocr_line' id='line_1_42' title="bbox 587 3259 1556 3327; baseline 0.004 -19"><span class='ocrx_word' id='word_1_199' title='bbox 587 3259 756 3311; x_wconf 82' lang='lat' dir='ltr'><strong>Inscr.</strong></span> <span class='ocrx_word' id='word_1_200' title='bbox 787 3263 851 3314; x_wconf 83' lang='lat' dir='ltr'><strong>T.</strong></span> <span class='ocrx_word' id='word_1_201' title='bbox 884 3264 967 3313; x_wconf 82' lang='lat' dir='ltr'><strong>lv.</strong></span> <span class='ocrx_word' id='word_1_202' title='bbox 993 3280 1039 3327; x_wconf 86' lang='lat' dir='ltr'><strong>p.</strong></span> <span class='ocrx_word' id='word_1_203' title='bbox 1064 3266 1163 3317; x_wconf 82' lang='lat'><strong>116</strong></span> <span class='ocrx_word' id='word_1_204' title='bbox 1180 3280 1257 3327; x_wconf 83' lang='lat' dir='ltr'><strong>sq.</strong></span> <span class='ocrx_word' id='word_1_205' title='bbox 1297 3267 1373 3313; x_wconf 78' lang='lat' dir='ltr'><strong>At</strong></span> <span class='ocrx_word' id='word_1_206' title='bbox 1399 3265 1556 3315; x_wconf 85' lang='lat' dir='ltr'><strong>nimi-</strong></span> 
     </span>
     <span class='ocr_line' id='line_1_43' title="bbox 585 3334 1555 3384; baseline 0.006 -7"><span class='ocrx_word' id='word_1_207' title='bbox 585 3345 703 3379; x_wconf 88' lang='lat' dir='ltr'><strong>rum</strong></span> <span class='ocrx_word' id='word_1_208' title='bbox 746 3334 1049 3383; x_wconf 77' lang='lat' dir='ltr'><strong>meminisse</strong></span> <span class='ocrx_word' id='word_1_209' title='bbox 1096 3335 1347 3384; x_wconf 85' lang='lat' dir='ltr'><strong>debemus</strong></span> <span class='ocrx_word' id='word_1_210' title='bbox 1400 3348 1555 3383; x_wconf 84' lang='lat' dir='ltr'><strong>usum</strong></span> 
     </span>
     <span class='ocr_line' id='line_1_44' title="bbox 585 3401 1554 3462; baseline 0.005 -16"><span class='ocrx_word' id='word_1_211' title='bbox 585 3401 861 3462; x_wconf 87' lang='lat' dir='ltr'><strong>utriusque</strong></span> <span class='ocrx_word' id='word_1_212' title='bbox 877 3403 1213 3453; x_wconf 83' lang='lat' dir='ltr'><strong>instrumenti</strong></span> <span class='ocrx_word' id='word_1_213' title='bbox 1232 3404 1369 3452; x_wconf 87' lang='lat' dir='ltr'><strong>adeo</strong></span> <span class='ocrx_word' id='word_1_214' title='bbox 1388 3403 1554 3452; x_wconf 85' lang='lat' dir='ltr'><strong>fuisse</strong></span> 
     </span>
     <span class='ocr_line' id='line_1_45' title="bbox 586 3470 1554 3532; baseline 0.005 -17"><span class='ocrx_word' id='word_1_215' title='bbox 586 3470 969 3532; x_wconf 87' lang='lat' dir='ltr'><strong>promiscuum,</strong></span> <span class='ocrx_word' id='word_1_216' title='bbox 1024 3481 1083 3521; x_wconf 90' lang='lat' dir='ltr'><strong>ut</strong></span> <span class='ocrx_word' id='word_1_217' title='bbox 1132 3488 1239 3522; x_wconf 86' lang='lat' dir='ltr'><strong>non</strong></span> <span class='ocrx_word' id='word_1_218' title='bbox 1288 3472 1448 3521; x_wconf 88' lang='lat' dir='ltr'><strong>modo</strong></span> <span class='ocrx_word' id='word_1_219' title='bbox 1487 3473 1554 3521; x_wconf 89' lang='lat' dir='ltr'><strong>ab</strong></span> 
     </span>
     <span class='ocr_line' id='line_1_46' title="bbox 585 3536 1552 3604; baseline 0.006 -21"><span class='ocrx_word' id='word_1_220' title='bbox 585 3536 859 3586; x_wconf 82' lang='lat' dir='ltr'><strong>inferioris</strong></span> <span class='ocrx_word' id='word_1_221' title='bbox 923 3542 1117 3590; x_wconf 86' lang='lat' dir='ltr'><strong>aetatis</strong></span> <span class='ocrx_word' id='word_1_222' title='bbox 1184 3543 1552 3604; x_wconf 81' lang='lat' dir='ltr'><strong>scriptoribus,</strong></span> 
     </span>
     <span class='ocr_line' id='line_1_47' title="bbox 585 3606 1552 3672; baseline 0.006 -19"><span class='ocrx_word' id='word_1_223' title='bbox 585 3606 677 3653; x_wconf 85' lang='lat' dir='ltr'><strong>sed</strong></span> <span class='ocrx_word' id='word_1_224' title='bbox 716 3607 873 3654; x_wconf 86' lang='lat' dir='ltr'><strong>etiam</strong></span> <span class='ocrx_word' id='word_1_225' title='bbox 898 3607 963 3655; x_wconf 89' lang='lat' dir='ltr'><strong>ab</strong></span> <span class='ocrx_word' id='word_1_226' title='bbox 1000 3611 1395 3672; x_wconf 78' lang='lat' dir='ltr'><strong>antiquioribus</strong></span> <span class='ocrx_word' id='word_1_227' title='bbox 1422 3611 1552 3659; x_wconf 87' lang='lat' dir='ltr'><strong>alte-</strong></span> 
     </span>
     <span class='ocr_line' id='line_1_48' title="bbox 584 3676 1550 3737; baseline 0.006 -16"><span class='ocrx_word' id='word_1_228' title='bbox 584 3689 696 3722; x_wconf 88' lang='lat' dir='ltr'><strong>rum</strong></span> <span class='ocrx_word' id='word_1_229' title='bbox 734 3688 833 3737; x_wconf 90' lang='lat' dir='ltr'><strong>pro</strong></span> <span class='ocrx_word' id='word_1_230' title='bbox 879 3676 1049 3725; x_wconf 87' lang='lat' dir='ltr'><strong>altero</strong></span> <span class='ocrx_word' id='word_1_231' title='bbox 1094 3688 1550 3728; x_wconf 87' lang='lat' dir='ltr'><strong>commemoretur.</strong></span> 
     </span>
     <span class='ocr_line' id='line_1_49' title="bbox 584 3741 1548 3811; baseline 0.007 -20"><span class='ocrx_word' id='word_1_232' title='bbox 584 3741 751 3791; x_wconf 87' lang='lat' dir='ltr'><strong>Cuius</strong></span> <span class='ocrx_word' id='word_1_233' title='bbox 776 3744 850 3792; x_wconf 89' lang='lat' dir='ltr'><strong>rei</strong></span> <span class='ocrx_word' id='word_1_234' title='bbox 888 3744 1093 3794; x_wconf 82' lang='lat' dir='ltr'><strong>illustre</strong></span> <span class='ocrx_word' id='word_1_235' title='bbox 1131 3750 1425 3811; x_wconf 84' lang='lat' dir='ltr'><strong>exemplum</strong></span> <span class='ocrx_word' id='word_1_236' title='bbox 1458 3763 1548 3797; x_wconf 82' lang='lat' dir='ltr'><strong>ex-</strong></span> 
     </span>
     <span class='ocr_line' id='line_1_50' title="bbox 584 3812 1550 3877; baseline 0.007 -19"><span class='ocrx_word' id='word_1_237' title='bbox 584 3816 661 3860; x_wconf 85' lang='lat' dir='ltr'><strong>tat</strong></span> <span class='ocrx_word' id='word_1_238' title='bbox 696 3812 750 3861; x_wconf 92' lang='lat' dir='ltr'><strong>in</strong></span> <span class='ocrx_word' id='word_1_239' title='bbox 800 3813 1244 3877; x_wconf 84' lang='lat' dir='ltr'><strong>Aristophan.</strong></span> <span class='ocrx_word' id='word_1_240' title='bbox 1283 3816 1460 3868; x_wconf 90' lang='lat' dir='ltr'><strong>Nubb.</strong></span> <span class='ocrx_word' id='word_1_241' title='bbox 1503 3835 1550 3865; x_wconf 83' lang='lat' dir='ltr'><strong>v.</strong></span> 
     </span>
     <span class='ocr_line' id='line_1_51' title="bbox 582 3880 1547 3948; baseline 0.004 -17"><span class='ocrx_word' id='word_1_242' title='bbox 582 3880 816 3933; x_wconf 79' lang='lat' dir='ltr'><strong>1360.de</strong></span> <span class='ocrx_word' id='word_1_243' title='bbox 838 3898 945 3945; x_wconf 89' lang='lat' dir='ltr'><strong>quo</strong></span> <span class='ocrx_word' id='word_1_244' title='bbox 968 3885 1221 3946; x_wconf 85' lang='lat' dir='ltr'><strong>legendus</strong></span> <span class='ocrx_word' id='word_1_245' title='bbox 1244 3893 1325 3935; x_wconf 88' lang='lat' dir='ltr'><strong>est</strong></span> <span class='ocrx_word' id='word_1_246' title='bbox 1344 3886 1381 3934; x_wconf 90' lang='lat' dir='ltr'>S</span> <span class='ocrx_word' id='word_1_247' title='bbox 1398 3902 1430 3948; x_wconf 87' lang='lat' dir='ltr'><strong>p</strong></span> <span class='ocrx_word' id='word_1_248' title='bbox 1445 3902 1547 3935; x_wconf 89' lang='lat' dir='ltr'><strong>an-</strong></span> 
     </span>
     <span class='ocr_line' id='line_1_52' title="bbox 580 3949 1544 4017; baseline 0.005 -20"><span class='ocrx_word' id='word_1_249' title='bbox 580 3949 733 3999; x_wconf 87' lang='lat' dir='ltr'><strong>hem.</strong></span> <span class='ocrx_word' id='word_1_250' title='bbox 774 3949 1130 4004; x_wconf 87' lang='lat' dir='ltr'><strong>Commentar.</strong></span> <span class='ocrx_word' id='word_1_251' title='bbox 1150 3954 1297 4017; x_wconf 87' lang='lat' dir='ltr'><strong>Lips.</strong></span> <span class='ocrx_word' id='word_1_252' title='bbox 1339 3954 1454 4005; x_wconf 88' lang='lat' dir='ltr'><strong>Vol.</strong></span> <span class='ocrx_word' id='word_1_253' title='bbox 1485 3956 1544 4003; x_wconf 88' lang='lat' dir='ltr'><strong>ll.</strong></span> 
     </span>
     <span class='ocr_line' id='line_1_53' title="bbox 580 4018 1546 4087; baseline 0.003 -17"><span class='ocrx_word' id='word_1_254' title='bbox 580 4033 627 4079; x_wconf 80' lang='grc' dir='ltr'><strong>Ρ.</strong></span> <span class='ocrx_word' id='word_1_255' title='bbox 666 4018 784 4071; x_wconf 77' lang='grc'><strong>435.</strong></span> <span class='ocrx_word' id='word_1_256' title='bbox 836 4029 982 4070; x_wconf 84' lang='lat' dir='ltr'><strong>extat</strong></span> <span class='ocrx_word' id='word_1_257' title='bbox 1027 4024 1152 4071; x_wconf 86' lang='lat' dir='ltr'><strong>item</strong></span> <span class='ocrx_word' id='word_1_258' title='bbox 1202 4024 1343 4087; x_wconf 88' lang='lat' dir='ltr'><strong>apud</strong></span> <span class='ocrx_word' id='word_1_259' title='bbox 1393 4025 1546 4073; x_wconf 83' lang='lat' dir='ltr'><strong>Pla·</strong></span> 
     </span>
    </p>

    <p class='ocr_par' dir='ltr' id='par_1_7' title="bbox 577 4091 1540 4155">
     <span class='ocr_line' id='line_1_54' title="bbox 577 4091 1540 4155; baseline 0.013 -21"><span class='ocrx_word' id='word_1_260' title='bbox 577 4092 793 4137; x_wconf 85' lang='lat' dir='ltr'><strong>tonem</strong></span> <span class='ocrx_word' id='word_1_261' title='bbox 846 4091 1163 4153; x_wconf 82' lang='lat' dir='ltr'><strong>Euthydem.</strong></span> <span class='ocrx_word' id='word_1_262' title='bbox 1210 4109 1260 4155; x_wconf 89' lang='lat' dir='ltr'><strong>p.</strong></span> <span class='ocrx_word' id='word_1_263' title='bbox 1308 4092 1427 4144; x_wconf 88' lang='grc'><strong>289</strong></span> <span class='ocrx_word' id='word_1_264' title='bbox 1481 4092 1540 4143; x_wconf 86' lang='lat' dir='ltr'><strong>C.</strong></span> 
     </span>
    </p>

    <p class='ocr_par' dir='ltr' id='par_1_8' title="bbox 575 4154 1542 4277">
     <span class='ocr_line' id='line_1_55' title="bbox 575 4154 1542 4222; baseline 0.01 -23"><span class='ocrx_word' id='word_1_265' title='bbox 575 4154 663 4202; x_wconf 87' lang='lat' dir='ltr'><strong>ubi</strong></span> <span class='ocrx_word' id='word_1_266' title='bbox 722 4165 1067 4222; x_wconf 74' lang='lat' dir='ltr'><strong>posteaquam</strong></span> <span class='ocrx_word' id='word_1_267' title='bbox 1116 4163 1183 4209; x_wconf 81' lang='lat' dir='ltr'><strong>de</strong></span> <span class='ocrx_word' id='word_1_268' title='bbox 1236 4162 1542 4210; x_wconf 83' lang='lat' dir='ltr'><strong>discrimine</strong></span> 
     </span>
     <span class='ocr_line' id='line_1_56' title="bbox 576 4226 1540 4277; baseline 0.011 -10"><span class='ocrx_word' id='word_1_269' title='bbox 576 4238 668 4269; x_wconf 63' lang='lat' dir='ltr'><strong>lov</strong></span> <span class='ocrx_word' id='word_1_270' title='bbox 711 4240 759 4270; x_wconf 65' lang='grc' dir='ltr'><strong>ἴε</strong></span> <span class='ocrx_word' id='word_1_271' title='bbox 798 4232 967 4274; x_wconf 50' lang='lat' dir='ltr'><strong>noles?</strong></span> <span class='ocrx_word' id='word_1_272' title='bbox 1004 4246 1045 4275; x_wconf 68' lang='lat' dir='ltr'><strong>f!</strong></span> <span class='ocrx_word' id='word_1_273' title='bbox 1086 4246 1165 4277; x_wconf 64' lang='grc' dir='ltr'><strong>καί</strong></span> <span class='ocrx_word' id='word_1_274' title='bbox 1208 4246 1297 4277; x_wconf 68' lang='lat'><strong>802</strong></span> <span class='ocrx_word' id='word_1_275' title='bbox 1338 4226 1540 4277; x_wconf 38' lang='lat' dir='ltr'><strong>&amp;judla-</strong></span> 
     </span>
    </p>
   </div>
   <div class='ocr_carea' id='block_1_7' title="bbox 893 1603 1596 1656">
    <p class='ocr_par' dir='ltr' id='par_1_9' title="bbox 893 1603 1596 1656">
     <span class='ocr_line' id='line_1_57' title="bbox 893 1603 1596 1656; baseline -0.01 0"><span class='ocrx_word' id='word_1_276' title='bbox 893 1605 975 1656; x_wconf 83' lang='lat'><strong>15.</strong></span> <span class='ocrx_word' id='word_1_277' title='bbox 1030 1615 1081 1654; x_wconf 89' lang='lat' dir='ltr'><strong>et</strong></span> <span class='ocrx_word' id='word_1_278' title='bbox 1134 1603 1596 1654; x_wconf 66' lang='lat' dir='ltr'><strong>Gaudentius*</strong></span> 
     </span>
    </p>
   </div>
   <div class='ocr_carea' id='block_1_8' title="bbox 1300 327 1874 393">
    <p class='ocr_par' dir='ltr' id='par_1_10' title="bbox 1300 327 1874 393">
     <span class='ocr_line' id='line_1_58' title="bbox 1300 327 1874 393; baseline 0.002 -1"><span class='ocrx_word' id='word_1_279' title='bbox 1300 327 1874 393; x_wconf 59' lang='lat' dir='ltr'>PIJATONIS</span> 
     </span>
    </p>
   </div>
   <div class='ocr_carea' id='block_1_9' title="bbox 1651 491 2644 905">
    <p class='ocr_par' dir='ltr' id='par_1_11' title="bbox 1651 491 2644 894">
     <span class='ocr_line' id='line_1_59' title="bbox 1655 491 2642 562; baseline -0.003 -17"><span class='ocrx_word' id='word_1_280' title='bbox 1655 497 1782 546; x_wconf 76' lang='grc' dir='ltr'><strong>σθαι</strong></span> <span class='ocrx_word' id='word_1_281' title='bbox 1829 496 2058 562; x_wconf 77' lang='grc' dir='ltr'><strong><em>χρῆσθαι</em></strong></span> <span class='ocrx_word' id='word_1_282' title='bbox 2105 495 2303 561; x_wconf 75' lang='grc' dir='ltr'><em>τούτῳ,</em></span> <span class='ocrx_word' id='word_1_283' title='bbox 2358 492 2389 544; x_wconf 85' lang='grc' dir='ltr'><em>ὃ</em></span> <span class='ocrx_word' id='word_1_284' title='bbox 2445 491 2518 544; x_wconf 76' lang='grc' dir='ltr'><strong>ἄν</strong></span> <span class='ocrx_word' id='word_1_285' title='bbox 2569 508 2642 542; x_wconf 71' lang='grc' dir='ltr'><strong>τις</strong></span> 
     </span>
     <span class='ocr_line' id='line_1_60' title="bbox 1655 565 2642 648; baseline -0.001 -34"><span class='ocrx_word' id='word_1_286' title='bbox 1655 581 1801 628; x_wconf 70' lang='grc' dir='ltr'><strong>που,</strong></span> <span class='ocrx_word' id='word_1_287' title='bbox 1853 567 2170 630; x_wconf 86' lang='lat' dir='ltr'><strong>explicatum</strong></span> <span class='ocrx_word' id='word_1_288' title='bbox 2214 573 2320 626; x_wconf 85' lang='lat' dir='ltr'><strong>est,</strong></span> <span class='ocrx_word' id='word_1_289' title='bbox 2377 565 2642 648; x_wconf 79' lang='lat' dir='ltr'><strong>deinceps</strong></span> 
     </span>
     <span class='ocr_line' id='line_1_61' title="bbox 1651 627 2644 718; baseline -0.005 -33"><span class='ocrx_word' id='word_1_290' title='bbox 1651 637 1990 700; x_wconf 75' lang='lat' dir='ltr'><strong>subiungitur</strong></span> <span class='ocrx_word' id='word_1_291' title='bbox 2047 635 2276 718; x_wconf 50' lang='lat' dir='ltr'><strong>efempii</strong></span> <span class='ocrx_word' id='word_1_292' title='bbox 2337 647 2538 684; x_wconf 76' lang='lat' dir='ltr'><strong>causa.</strong></span> <span class='ocrx_word' id='word_1_293' title='bbox 2611 627 2644 695; x_wconf 78' lang='grc' dir='ltr'><em>ἦ</em></span> 
     </span>
     <span class='ocr_line' id='line_1_62' title="bbox 1656 699 2638 788; baseline -0.004 -34"><span class='ocrx_word' id='word_1_294' title='bbox 1656 702 1754 768; x_wconf 76' lang='grc' dir='ltr'><strong>γὰρ</strong></span> <span class='ocrx_word' id='word_1_295' title='bbox 1773 702 2093 786; x_wconf 74' lang='grc' dir='ltr'><strong><em>λυροποιὶκὴ</em></strong></span> <span class='ocrx_word' id='word_1_296' title='bbox 2129 699 2263 788; x_wconf 56' lang='lat' dir='ltr'><strong>naci}</strong></span> <span class='ocrx_word' id='word_1_297' title='bbox 2292 699 2638 766; x_wconf 73' lang='grc' dir='ltr'><strong><em>κιθαριστικὴ</em></strong></span> 
     </span>
     <span class='ocr_line' id='line_1_63' title="bbox 1657 768 2644 838; baseline -0.003 -17"><span class='ocrx_word' id='word_1_298' title='bbox 1657 769 1789 822; x_wconf 66' lang='grc' dir='ltr'>πολι)</span> <span class='ocrx_word' id='word_1_299' title='bbox 1857 773 2162 838; x_wconf 79' lang='grc' dir='ltr'><strong><em>διαφέρετον</em></strong></span> <span class='ocrx_word' id='word_1_300' title='bbox 2227 768 2506 836; x_wconf 54' lang='lat' dir='ltr'><strong>aurnum:</strong></span> <span class='ocrx_word' id='word_1_301' title='bbox 2585 779 2644 818; x_wconf 86' lang='lat' dir='ltr'><strong>ut</strong></span> 
     </span>
     <span class='ocr_line' id='line_1_64' title="bbox 1656 843 2642 905; baseline -0.004 -13"><span class='ocrx_word' id='word_1_302' title='bbox 1656 843 1993 894; x_wconf 87' lang='lat' dir='ltr'><strong>manifestum</strong></span> <span class='ocrx_word' id='word_1_303' title='bbox 2034 846 2129 905; x_wconf 84' lang='lat' dir='ltr'><strong>sit,</strong></span> <span class='ocrx_word' id='word_1_304' title='bbox 2187 843 2264 891; x_wconf 90' lang='lat' dir='ltr'><strong>ibi</strong></span> <span class='ocrx_word' id='word_1_305' title='bbox 2307 843 2488 892; x_wconf 86' lang='lat' dir='ltr'><strong>altero</strong></span> <span class='ocrx_word' id='word_1_306' title='bbox 2547 855 2642 889; x_wconf 87' lang='lat' dir='ltr'><strong>no-</strong></span> 
     </span>
    </p>
   </div>
   <div class='ocr_carea' id='block_1_10' title="bbox 1658 911 2739 976">
    <p class='ocr_par' dir='ltr' id='par_1_12' title="bbox 1658 911 2739 976">
     <span class='ocr_line' id='line_1_65' title="bbox 1658 911 2739 976; baseline -0.004 -14"><span class='ocrx_word' id='word_1_307' title='bbox 1658 915 1797 962; x_wconf 86' lang='lat' dir='ltr'><strong>mine</strong></span> <span class='ocrx_word' id='word_1_308' title='bbox 1825 923 1990 963; x_wconf 83' lang='lat' dir='ltr'><strong>artem</strong></span> <span class='ocrx_word' id='word_1_309' title='bbox 2016 913 2134 976; x_wconf 87' lang='lat' dir='ltr'><strong>lyra</strong></span> <span class='ocrx_word' id='word_1_310' title='bbox 2168 911 2420 973; x_wconf 84' lang='lat' dir='ltr'><strong>canendi,</strong></span> <span class='ocrx_word' id='word_1_311' title='bbox 2459 913 2642 960; x_wconf 87' lang='lat' dir='ltr'><strong>altero</strong></span> <span class='ocrx_word' id='word_1_312' title='bbox 2728 921 2739 934; x_wconf 90' lang='lat'><strong>·</strong></span> 
     </span>
    </p>
   </div>
   <div class='ocr_carea' id='block_1_11' title="bbox 1629 979 2705 4303">
    <p class='ocr_par' dir='ltr' id='par_1_13' title="bbox 1641 979 2705 4300">
     <span class='ocr_line' id='line_1_66' title="bbox 1656 979 2642 1046; baseline -0.005 -15"><span class='ocrx_word' id='word_1_313' title='bbox 1656 991 1823 1031; x_wconf 89' lang='lat' dir='ltr'><strong>artem</strong></span> <span class='ocrx_word' id='word_1_314' title='bbox 1867 984 2008 1046; x_wconf 87' lang='lat' dir='ltr'><strong>lyras</strong></span> <span class='ocrx_word' id='word_1_315' title='bbox 2057 981 2378 1031; x_wconf 86' lang='lat' dir='ltr'><strong>conficiendi</strong></span> <span class='ocrx_word' id='word_1_316' title='bbox 2429 979 2642 1041; x_wconf 81' lang='lat' dir='ltr'><strong>signifi-</strong></span> 
     </span>
     <span class='ocr_line' id='line_1_67' title="bbox 1659 1050 2640 1112; baseline -0.004 -12"><span class='ocrx_word' id='word_1_317' title='bbox 1659 1053 1785 1103; x_wconf 85' lang='lat' dir='ltr'><strong>cari.</strong></span> <span class='ocrx_word' id='word_1_318' title='bbox 1855 1051 2121 1110; x_wconf 78' lang='lat' dir='ltr'><strong>Quocirca</strong></span> <span class='ocrx_word' id='word_1_319' title='bbox 2164 1050 2640 1112; x_wconf 84' lang='lat' dir='ltr'><strong>Hesychius.-</strong></span> 
     </span>
     <span class='ocr_line' id='line_1_68' title="bbox 1661 1116 2635 1184; baseline -0.005 -15"><span class='ocrx_word' id='word_1_320' title='bbox 1661 1116 1866 1183; x_wconf 74' lang='grc' dir='ltr'><strong><em>Λύρα·</em></strong></span> <span class='ocrx_word' id='word_1_321' title='bbox 1901 1117 2112 1184; x_wconf 69' lang='grc' dir='ltr'><strong>κιθάρα.</strong></span> <span class='ocrx_word' id='word_1_322' title='bbox 2135 1135 2198 1168; x_wconf 90' lang='lat' dir='ltr'><strong>ac</strong></span> <span class='ocrx_word' id='word_1_323' title='bbox 2230 1119 2474 1168; x_wconf 80' lang='lat' dir='ltr'><strong>vicissim</strong></span> <span class='ocrx_word' id='word_1_324' title='bbox 2501 1116 2635 1166; x_wconf 82' lang='lat' dir='ltr'><strong>Sui·</strong></span> 
     </span>
     <span class='ocr_line' id='line_1_69' title="bbox 1660 1184 2638 1253; baseline -0.004 -16"><span class='ocrx_word' id='word_1_325' title='bbox 1660 1191 1801 1240; x_wconf 84' lang='lat' dir='ltr'><strong>das:</strong></span> <span class='ocrx_word' id='word_1_326' title='bbox 1840 1187 2124 1253; x_wconf 71' lang='grc' dir='ltr'><strong><em>Κιθάρα·</em></strong></span> <span class='ocrx_word' id='word_1_327' title='bbox 2169 1184 2411 1252; x_wconf 76' lang='grc' dir='ltr'>ὄργανον</span> <span class='ocrx_word' id='word_1_328' title='bbox 2447 1201 2638 1248; x_wconf 61' lang='lat' dir='ltr'><strong>povoc-</strong></span> 
     </span>
     <span class='ocr_line' id='line_1_70' title="bbox 1659 1253 2640 1322; baseline -0.003 -16"><span class='ocrx_word' id='word_1_329' title='bbox 1659 1258 1769 1321; x_wconf 84' lang='grc' dir='ltr'><em>κόν,</em></span> <span class='ocrx_word' id='word_1_330' title='bbox 1811 1253 2021 1322; x_wconf 68' lang='grc' dir='ltr'><strong><em>ἢλύρας</em></strong></span> <span class='ocrx_word' id='word_1_331' title='bbox 2064 1264 2206 1307; x_wconf 85' lang='lat' dir='ltr'><strong>recte</strong></span> <span class='ocrx_word' id='word_1_332' title='bbox 2243 1257 2466 1318; x_wconf 85' lang='lat' dir='ltr'><strong>quidem</strong></span> <span class='ocrx_word' id='word_1_333' title='bbox 2499 1265 2640 1304; x_wconf 88' lang='lat' dir='ltr'><strong>uter-</strong></span> 
     </span>
     <span class='ocr_line' id='line_1_71' title="bbox 1659 1327 2642 1392; baseline -0.002 -17"><span class='ocrx_word' id='word_1_334' title='bbox 1659 1327 2004 1392; x_wconf 88' lang='lat' dir='ltr'><strong>que.1taque</strong></span> <span class='ocrx_word' id='word_1_335' title='bbox 2034 1329 2116 1378; x_wconf 81' lang='lat' dir='ltr'><strong>bis</strong></span> <span class='ocrx_word' id='word_1_336' title='bbox 2151 1328 2460 1390; x_wconf 71' lang='lat' dir='ltr'><strong>explanatis</strong></span> <span class='ocrx_word' id='word_1_337' title='bbox 2488 1339 2642 1388; x_wconf 85' lang='lat' dir='ltr'><strong>aper-</strong></span> 
     </span>
     <span class='ocr_line' id='line_1_72' title="bbox 1657 1393 2640 1464; baseline -0.004 -20"><span class='ocrx_word' id='word_1_338' title='bbox 1657 1405 1768 1446; x_wconf 88' lang='lat' dir='ltr'><strong>tum</strong></span> <span class='ocrx_word' id='word_1_339' title='bbox 1805 1412 1921 1446; x_wconf 87' lang='lat' dir='ltr'><strong>esse</strong></span> <span class='ocrx_word' id='word_1_340' title='bbox 1953 1405 2228 1464; x_wconf 74' lang='lat' dir='ltr'><strong>putamuS,</strong></span> <span class='ocrx_word' id='word_1_341' title='bbox 2267 1393 2640 1444; x_wconf 87' lang='lat' dir='ltr'><strong>commendari</strong></span> 
     </span>
     <span class='ocr_line' id='line_1_73' title="bbox 1658 1463 2646 1530; baseline -0.005 -15"><span class='ocrx_word' id='word_1_342' title='bbox 1658 1481 1690 1515; x_wconf 89' lang='lat' dir='ltr'><strong>a</strong></span> <span class='ocrx_word' id='word_1_343' title='bbox 1727 1463 2050 1530; x_wconf 85' lang='lat' dir='ltr'><strong>philosopho</strong></span> <span class='ocrx_word' id='word_1_344' title='bbox 2081 1467 2218 1514; x_wconf 88' lang='lat' dir='ltr'><strong>hanc</strong></span> <span class='ocrx_word' id='word_1_345' title='bbox 2255 1465 2550 1525; x_wconf 86' lang='lat' dir='ltr'><strong>rationem,</strong></span> <span class='ocrx_word' id='word_1_346' title='bbox 2587 1471 2646 1510; x_wconf 91' lang='lat' dir='ltr'><strong>ut</strong></span> 
     </span>
     <span class='ocr_line' id='line_1_74' title="bbox 1657 1534 2645 1596; baseline -0.004 -12"><span class='ocrx_word' id='word_1_347' title='bbox 1657 1535 1932 1584; x_wconf 80' lang='lat' dir='ltr'><strong>citharista</strong></span> <span class='ocrx_word' id='word_1_348' title='bbox 1980 1536 2220 1586; x_wconf 81' lang='lat' dir='ltr'><strong>cautibus</strong></span> <span class='ocrx_word' id='word_1_349' title='bbox 2265 1534 2332 1582; x_wconf 88' lang='lat' dir='ltr'><strong>ab</strong></span> <span class='ocrx_word' id='word_1_350' title='bbox 2387 1547 2490 1596; x_wconf 86' lang='lat' dir='ltr'><strong>eo,</strong></span> <span class='ocrx_word' id='word_1_351' title='bbox 2551 1534 2645 1595; x_wconf 87' lang='lat' dir='ltr'><strong>qui</strong></span> 
     </span>
     <span class='ocr_line' id='line_1_75' title="bbox 1661 1604 2648 1668; baseline -0.002 -16"><span class='ocrx_word' id='word_1_352' title='bbox 1661 1606 1848 1653; x_wconf 89' lang='lat' dir='ltr'><strong>modos</strong></span> <span class='ocrx_word' id='word_1_353' title='bbox 1887 1605 2091 1666; x_wconf 83' lang='lat' dir='ltr'><strong>fecerit,</strong></span> <span class='ocrx_word' id='word_1_354' title='bbox 2128 1604 2482 1668; x_wconf 82' lang='lat' dir='ltr'><strong>praescriptis</strong></span> <span class='ocrx_word' id='word_1_355' title='bbox 2523 1610 2579 1650; x_wconf 85' lang='lat' dir='ltr'><strong>et</strong></span> <span class='ocrx_word' id='word_1_356' title='bbox 2615 1617 2648 1650; x_wconf 87' lang='lat' dir='ltr'><strong>a</strong></span> 
     </span>
     <span class='ocr_line' id='line_1_76' title="bbox 1661 1672 2648 1737; baseline -0.002 -15"><span class='ocrx_word' id='word_1_357' title='bbox 1661 1689 1824 1737; x_wconf 87' lang='lat' dir='ltr'><strong>puero</strong></span> <span class='ocrx_word' id='word_1_358' title='bbox 1863 1675 2132 1724; x_wconf 84' lang='lat' dir='ltr'><strong>discendis</strong></span> <span class='ocrx_word' id='word_1_359' title='bbox 2169 1685 2446 1722; x_wconf 84' lang='lat' dir='ltr'><strong>consonos</strong></span> <span class='ocrx_word' id='word_1_360' title='bbox 2484 1672 2648 1732; x_wconf 80' lang='lat' dir='ltr'><strong>piane</strong></span> 
     </span>
     <span class='ocr_line' id='line_1_77' title="bbox 1660 1742 2648 1805; baseline -0.003 -13"><span class='ocrx_word' id='word_1_361' title='bbox 1660 1752 1714 1792; x_wconf 86' lang='lat' dir='ltr'><strong>et</strong></span> <span class='ocrx_word' id='word_1_362' title='bbox 1764 1754 2115 1805; x_wconf 84' lang='lat' dir='ltr'><strong>congruentes</strong></span> <span class='ocrx_word' id='word_1_363' title='bbox 2171 1743 2438 1804; x_wconf 80' lang='lat' dir='ltr'><strong>adiungat</strong></span> <span class='ocrx_word' id='word_1_364' title='bbox 2495 1742 2648 1803; x_wconf 78' lang='lat' dir='ltr'><strong>lyrae</strong></span> 
     </span>
     <span class='ocr_line' id='line_1_78' title="bbox 1663 1809 2648 1876; baseline -0.004 -14"><span class='ocrx_word' id='word_1_365' title='bbox 1663 1820 1874 1873; x_wconf 75' lang='lat' dir='ltr'><strong>eantuS,</strong></span> <span class='ocrx_word' id='word_1_366' title='bbox 1925 1829 2030 1876; x_wconf 91' lang='lat' dir='ltr'><strong>quo</strong></span> <span class='ocrx_word' id='word_1_367' title='bbox 2087 1813 2280 1864; x_wconf 86' lang='lat' dir='ltr'><strong>certius</strong></span> <span class='ocrx_word' id='word_1_368' title='bbox 2319 1824 2386 1858; x_wconf 85' lang='lat' dir='ltr'><strong>ac</strong></span> <span class='ocrx_word' id='word_1_369' title='bbox 2425 1809 2648 1858; x_wconf 84' lang='lat' dir='ltr'><strong>facilius</strong></span> 
     </span>
     <span class='ocr_line' id='line_1_79' title="bbox 1661 1880 2650 1945; baseline -0.003 -14"><span class='ocrx_word' id='word_1_370' title='bbox 1661 1883 1726 1931; x_wconf 90' lang='lat' dir='ltr'><strong>ab</strong></span> <span class='ocrx_word' id='word_1_371' title='bbox 1779 1882 1877 1929; x_wconf 90' lang='lat' dir='ltr'><strong>hoc</strong></span> <span class='ocrx_word' id='word_1_372' title='bbox 1929 1881 2159 1945; x_wconf 83' lang='lat' dir='ltr'><strong>rhythmi</strong></span> <span class='ocrx_word' id='word_1_373' title='bbox 2207 1887 2260 1928; x_wconf 86' lang='lat' dir='ltr'><strong>et</strong></span> <span class='ocrx_word' id='word_1_374' title='bbox 2319 1880 2650 1928; x_wconf 84' lang='lat' dir='ltr'><strong>harmoniae</strong></span> 
     </span>
     <span class='ocr_line' id='line_1_80' title="bbox 1663 1949 2646 2014; baseline -0.004 -14"><span class='ocrx_word' id='word_1_375' title='bbox 1663 1951 2036 2000; x_wconf 86' lang='lat' dir='ltr'><strong>condiscantur</strong></span> <span class='ocrx_word' id='word_1_376' title='bbox 2090 1949 2411 2014; x_wconf 83' lang='lat' dir='ltr'><strong>penitusque</strong></span> <span class='ocrx_word' id='word_1_377' title='bbox 2456 1949 2646 1998; x_wconf 84' lang='lat' dir='ltr'><strong>animo</strong></span> 
     </span>
     <span class='ocr_line' id='line_1_81' title="bbox 1663 2017 2650 2081; baseline -0.002 -13"><span class='ocrx_word' id='word_1_378' title='bbox 1663 2021 1988 2069; x_wconf 82' lang='lat' dir='ltr'><strong>hauriantur.</strong></span> <span class='ocrx_word' id='word_1_379' title='bbox 2041 2019 2322 2081; x_wconf 82' lang='lat' dir='ltr'><strong>Pergimus</strong></span> <span class='ocrx_word' id='word_1_380' title='bbox 2361 2019 2540 2080; x_wconf 86' lang='lat' dir='ltr'><strong>igitur</strong></span> <span class='ocrx_word' id='word_1_381' title='bbox 2577 2017 2650 2066; x_wconf 82' lang='lat' dir='ltr'><strong>ad</strong></span> 
     </span>
     <span class='ocr_line' id='line_1_82' title="bbox 1662 2087 2646 2153; baseline -0.003 -16"><span class='ocrx_word' id='word_1_382' title='bbox 1662 2090 1932 2153; x_wconf 82' lang='lat' dir='ltr'><strong>proxima,</strong></span> <span class='ocrx_word' id='word_1_383' title='bbox 2006 2089 2195 2152; x_wconf 89' lang='lat' dir='ltr'><strong>quibus</strong></span> <span class='ocrx_word' id='word_1_384' title='bbox 2257 2087 2646 2136; x_wconf 86' lang='lat' dir='ltr'><strong>describuntur</strong></span> 
     </span>
     <span class='ocr_line' id='line_1_83' title="bbox 1662 2157 2646 2214; baseline -0.002 -8"><span class='ocrx_word' id='word_1_385' title='bbox 1662 2159 1982 2214; x_wconf 83' lang='lat' dir='ltr'><strong>musicorum</strong></span> <span class='ocrx_word' id='word_1_386' title='bbox 2045 2165 2192 2206; x_wconf 85' lang='lat' dir='ltr'><strong>artes</strong></span> <span class='ocrx_word' id='word_1_387' title='bbox 2243 2158 2326 2206; x_wconf 81' lang='lat' dir='ltr'><strong>iili</strong></span> <span class='ocrx_word' id='word_1_388' title='bbox 2380 2157 2646 2206; x_wconf 83' lang='lat' dir='ltr'><strong>instituti-</strong></span> 
     </span>
     <span class='ocr_line' id='line_1_84' title="bbox 1662 2226 2644 2289; baseline -0.002 -13"><span class='ocrx_word' id='word_1_389' title='bbox 1662 2229 1780 2276; x_wconf 84' lang='lat' dir='ltr'><strong>onis</strong></span> <span class='ocrx_word' id='word_1_390' title='bbox 1833 2243 1896 2276; x_wconf 88' lang='lat' dir='ltr'><strong>ac</strong></span> <span class='ocrx_word' id='word_1_391' title='bbox 1939 2227 2252 2289; x_wconf 87' lang='lat' dir='ltr'><strong>disciplinae</strong></span> <span class='ocrx_word' id='word_1_392' title='bbox 2299 2226 2644 2288; x_wconf 85' lang='lat' dir='ltr'><strong>simplicitati</strong></span> 
     </span>
     <span class='ocr_line' id='line_1_85' title="bbox 1662 2293 2636 2358; baseline -0.003 -13"><span class='ocrx_word' id='word_1_393' title='bbox 1662 2297 1990 2355; x_wconf 84' lang='lat' dir='ltr'><strong>contrariac3</strong></span> <span class='ocrx_word' id='word_1_394' title='bbox 2035 2311 2166 2358; x_wconf 89' lang='lat' dir='ltr'><strong>quas</strong></span> <span class='ocrx_word' id='word_1_395' title='bbox 2205 2295 2422 2358; x_wconf 85' lang='lat' dir='ltr'><strong>quidem</strong></span> <span class='ocrx_word' id='word_1_396' title='bbox 2460 2293 2636 2357; x_wconf 84' lang='lat' dir='ltr'><strong>philo·</strong></span> 
     </span>
     <span class='ocr_line' id='line_1_86' title="bbox 1662 2364 2646 2429; baseline -0.002 -14"><span class='ocrx_word' id='word_1_397' title='bbox 1662 2367 1796 2429; x_wconf 86' lang='lat' dir='ltr'><strong>phus</strong></span> <span class='ocrx_word' id='word_1_398' title='bbox 1853 2366 1965 2415; x_wconf 82' lang='lat' dir='ltr'><strong>vult</strong></span> <span class='ocrx_word' id='word_1_399' title='bbox 2007 2366 2064 2415; x_wconf 88' lang='lat' dir='ltr'><strong>in</strong></span> <span class='ocrx_word' id='word_1_400' title='bbox 2118 2364 2295 2429; x_wconf 87' lang='lat' dir='ltr'><strong>pueris</strong></span> <span class='ocrx_word' id='word_1_401' title='bbox 2347 2364 2418 2413; x_wconf 86' lang='lat' dir='ltr'><strong>ad</strong></span> <span class='ocrx_word' id='word_1_402' title='bbox 2469 2374 2646 2414; x_wconf 84' lang='lat' dir='ltr'><strong>artem</strong></span> 
     </span>
     <span class='ocr_line' id='line_1_87' title="bbox 1661 2433 2642 2487; baseline -0.002 -4"><span class='ocrx_word' id='word_1_403' title='bbox 1661 2437 1912 2487; x_wconf 87' lang='lat' dir='ltr'><strong>musicam</strong></span> <span class='ocrx_word' id='word_1_404' title='bbox 1949 2436 2256 2487; x_wconf 86' lang='lat' dir='ltr'><strong>erudiendis</strong></span> <span class='ocrx_word' id='word_1_405' title='bbox 2295 2433 2488 2483; x_wconf 85' lang='lat' dir='ltr'><strong>sedulo</strong></span> <span class='ocrx_word' id='word_1_406' title='bbox 2529 2437 2642 2482; x_wconf 85' lang='lat' dir='ltr'><strong>evi-</strong></span> 
     </span>
     <span class='ocr_line' id='line_1_88' title="bbox 1660 2505 2638 2566; baseline -0.002 -13"><span class='ocrx_word' id='word_1_407' title='bbox 1660 2507 1779 2553; x_wconf 86' lang='lat' dir='ltr'><strong>tari.</strong></span> <span class='ocrx_word' id='word_1_408' title='bbox 1849 2506 2138 2553; x_wconf 80' lang='lat' dir='ltr'><strong>Enimvero</strong></span> <span class='ocrx_word' id='word_1_409' title='bbox 2173 2510 2428 2566; x_wconf 85' lang='lat' dir='ltr'><strong>coeperat</strong></span> <span class='ocrx_word' id='word_1_410' title='bbox 2462 2505 2638 2553; x_wconf 86' lang='lat' dir='ltr'><strong>omui-</strong></span> 
     </span>
     <span class='ocr_line' id='line_1_89' title="bbox 1661 2564 2642 2624; baseline -0.002 -1"><span class='ocrx_word' id='word_1_411' title='bbox 1661 2564 1730 2623; x_wconf 76' lang='lat' dir='ltr'><strong>no</strong></span> <span class='ocrx_word' id='word_1_412' title='bbox 1779 2589 1865 2624; x_wconf 87' lang='lat' dir='ltr'><strong>ars</strong></span> <span class='ocrx_word' id='word_1_413' title='bbox 1913 2575 2114 2623; x_wconf 87' lang='lat' dir='ltr'><strong>musica</strong></span> <span class='ocrx_word' id='word_1_414' title='bbox 2161 2572 2408 2622; x_wconf 81' lang='lat' dir='ltr'><strong>Platonis</strong></span> <span class='ocrx_word' id='word_1_415' title='bbox 2457 2580 2642 2621; x_wconf 84' lang='lat' dir='ltr'><strong>aetate</strong></span> 
     </span>
     <span class='ocr_line' id='line_1_90' title="bbox 1660 2644 2638 2706; baseline -0.001 -14"><span class='ocrx_word' id='word_1_416' title='bbox 1660 2658 1693 2692; x_wconf 89' lang='lat' dir='ltr'><strong>a</strong></span> <span class='ocrx_word' id='word_1_417' title='bbox 1726 2645 1954 2706; x_wconf 84' lang='lat' dir='ltr'><strong>pristina</strong></span> <span class='ocrx_word' id='word_1_418' title='bbox 2001 2644 2339 2705; x_wconf 86' lang='lat' dir='ltr'><strong>simplicitate</strong></span> <span class='ocrx_word' id='word_1_419' title='bbox 2390 2656 2492 2690; x_wconf 86' lang='lat' dir='ltr'><strong>sua</strong></span> <span class='ocrx_word' id='word_1_420' title='bbox 2539 2644 2638 2691; x_wconf 86' lang='lat' dir='ltr'><strong>mi-</strong></span> 
     </span>
     <span class='ocr_line' id='line_1_91' title="bbox 1661 2714 2640 2776; baseline -0.001 -16"><span class='ocrx_word' id='word_1_421' title='bbox 1661 2728 1774 2761; x_wconf 87' lang='lat' dir='ltr'><strong>rum</strong></span> <span class='ocrx_word' id='word_1_422' title='bbox 1811 2720 2062 2776; x_wconf 86' lang='lat' dir='ltr'><strong>quantum</strong></span> <span class='ocrx_word' id='word_1_423' title='bbox 2101 2714 2429 2774; x_wconf 81' lang='lat' dir='ltr'><strong>degenerare</strong></span> <span class='ocrx_word' id='word_1_424' title='bbox 2468 2727 2640 2775; x_wconf 87' lang='lat' dir='ltr'><strong>quum</strong></span> 
     </span>
     <span class='ocr_line' id='line_1_92' title="bbox 1660 2782 2638 2842; baseline -0.003 -11"><span class='ocrx_word' id='word_1_425' title='bbox 1660 2783 1793 2831; x_wconf 86' lang='lat' dir='ltr'><strong>alias</strong></span> <span class='ocrx_word' id='word_1_426' title='bbox 1857 2783 1924 2831; x_wconf 91' lang='lat' dir='ltr'><strong>ob</strong></span> <span class='ocrx_word' id='word_1_427' title='bbox 1991 2796 2234 2842; x_wconf 82' lang='lat' dir='ltr'><strong>caussas,</strong></span> <span class='ocrx_word' id='word_1_428' title='bbox 2297 2789 2410 2828; x_wconf 90' lang='lat' dir='ltr'><strong>tum</strong></span> <span class='ocrx_word' id='word_1_429' title='bbox 2471 2782 2638 2829; x_wconf 87' lang='lat' dir='ltr'><strong>etiam</strong></span> 
     </span>
     <span class='ocr_line' id='line_1_93' title="bbox 1661 2850 2638 2915; baseline -0.001 -16"><span class='ocrx_word' id='word_1_430' title='bbox 1661 2852 1809 2910; x_wconf 86' lang='lat' dir='ltr'><strong>ideo,</strong></span> <span class='ocrx_word' id='word_1_431' title='bbox 1865 2852 1993 2915; x_wconf 91' lang='lat' dir='ltr'><strong>quia</strong></span> <span class='ocrx_word' id='word_1_432' title='bbox 2047 2851 2305 2912; x_wconf 84' lang='lat' dir='ltr'><strong>artifices,</strong></span> <span class='ocrx_word' id='word_1_433' title='bbox 2371 2850 2464 2912; x_wconf 88' lang='lat' dir='ltr'><strong>qui</strong></span> <span class='ocrx_word' id='word_1_434' title='bbox 2501 2864 2638 2898; x_wconf 74' lang='lat' dir='ltr'><strong>eam</strong></span> 
     </span>
     <span class='ocr_line' id='line_1_94' title="bbox 1663 2920 2642 2982; baseline -0.002 -13"><span class='ocrx_word' id='word_1_435' title='bbox 1663 2920 2008 2979; x_wconf 76' lang='lat' dir='ltr'><strong>factitabant,</strong></span> <span class='ocrx_word' id='word_1_436' title='bbox 2045 2920 2284 2969; x_wconf 78' lang='lat' dir='ltr'><strong>studiose</strong></span> <span class='ocrx_word' id='word_1_437' title='bbox 2321 2934 2477 2982; x_wconf 88' lang='lat' dir='ltr'><strong>quam</strong></span> <span class='ocrx_word' id='word_1_438' title='bbox 2525 2934 2642 2967; x_wconf 86' lang='lat' dir='ltr'><strong>ma—</strong></span> 
     </span>
     <span class='ocr_line' id='line_1_95' title="bbox 1661 2987 2638 3050; baseline -0.002 -13"><span class='ocrx_word' id='word_1_439' title='bbox 1661 2991 1858 3039; x_wconf 81' lang='lat' dir='ltr'><strong>ximam</strong></span> <span class='ocrx_word' id='word_1_440' title='bbox 1894 2995 2160 3048; x_wconf 85' lang='lat' dir='ltr'><strong>cantuum,</strong></span> <span class='ocrx_word' id='word_1_441' title='bbox 2199 2989 2298 3037; x_wconf 86' lang='lat' dir='ltr'><strong>hoc</strong></span> <span class='ocrx_word' id='word_1_442' title='bbox 2321 2996 2420 3049; x_wconf 90' lang='lat' dir='ltr'><strong>est,</strong></span> <span class='ocrx_word' id='word_1_443' title='bbox 2446 2987 2638 3050; x_wconf 80' lang='lat' dir='ltr'><strong>rhyth-</strong></span> 
     </span>
     <span class='ocr_line' id='line_1_96' title="bbox 1662 3057 2634 3121; baseline -0.002 -14"><span class='ocrx_word' id='word_1_444' title='bbox 1662 3060 1734 3107; x_wconf 89' lang='lat' dir='ltr'><strong>mi</strong></span> <span class='ocrx_word' id='word_1_445' title='bbox 1803 3060 2000 3121; x_wconf 86' lang='lat' dir='ltr'><strong>pariter</strong></span> <span class='ocrx_word' id='word_1_446' title='bbox 2063 3065 2224 3119; x_wconf 88' lang='lat' dir='ltr'><strong>atque</strong></span> <span class='ocrx_word' id='word_1_447' title='bbox 2297 3057 2634 3117; x_wconf 85' lang='lat' dir='ltr'><strong>harmoniae,</strong></span> 
     </span>
     <span class='ocr_line' id='line_1_97' title="bbox 1663 3118 2638 3191; baseline -0.001 -16"><span class='ocrx_word' id='word_1_448' title='bbox 1663 3129 1970 3177; x_wconf 85' lang='lat' dir='ltr'><strong>varietatem</strong></span> <span class='ocrx_word' id='word_1_449' title='bbox 2043 3127 2442 3191; x_wconf 88' lang='lat' dir='ltr'><strong>quaeritabant,</strong></span> <span class='ocrx_word' id='word_1_450' title='bbox 2525 3118 2638 3188; x_wconf 68' lang='lat' dir='ltr'><strong>quo</strong></span> 
     </span>
     <span class='ocr_line' id='line_1_98' title="bbox 1661 3196 2638 3259; baseline -0.003 -13"><span class='ocrx_word' id='word_1_451' title='bbox 1661 3198 1826 3259; x_wconf 88' lang='lat' dir='ltr'><strong>magis</strong></span> <span class='ocrx_word' id='word_1_452' title='bbox 1864 3198 2068 3245; x_wconf 88' lang='lat' dir='ltr'><strong>scilicet</strong></span> <span class='ocrx_word' id='word_1_453' title='bbox 2101 3196 2384 3245; x_wconf 87' lang='lat' dir='ltr'><strong>titillandis</strong></span> <span class='ocrx_word' id='word_1_454' title='bbox 2412 3196 2638 3245; x_wconf 86' lang='lat' dir='ltr'><strong>auribus</strong></span> 
     </span>
     <span class='ocr_line' id='line_1_99' title="bbox 1657 3266 2638 3315; baseline 0 -2"><span class='ocrx_word' id='word_1_455' title='bbox 1657 3266 2008 3315; x_wconf 80' lang='lat' dir='ltr'><strong>inserviretur</strong></span> <span class='ocrx_word' id='word_1_456' title='bbox 2075 3266 2410 3315; x_wconf 88' lang='lat' dir='ltr'><strong>audientium</strong></span> <span class='ocrx_word' id='word_1_457' title='bbox 2479 3266 2638 3313; x_wconf 80' lang='lat' dir='ltr'><strong>volu-</strong></span> 
     </span>
     <span class='ocr_line' id='line_1_100' title="bbox 1656 3334 2636 3397; baseline 0.002 -14"><span class='ocrx_word' id='word_1_458' title='bbox 1656 3336 1805 3397; x_wconf 84' lang='lat' dir='ltr'><strong>ptati.</strong></span> <span class='ocrx_word' id='word_1_459' title='bbox 1877 3336 1960 3384; x_wconf 90' lang='lat' dir='ltr'><strong>De</strong></span> <span class='ocrx_word' id='word_1_460' title='bbox 2012 3349 2122 3397; x_wconf 88' lang='lat' dir='ltr'><strong>qua</strong></span> <span class='ocrx_word' id='word_1_461' title='bbox 2153 3349 2213 3383; x_wconf 85' lang='lat' dir='ltr'><strong>re</strong></span> <span class='ocrx_word' id='word_1_462' title='bbox 2263 3334 2422 3385; x_wconf 88' lang='lat' dir='ltr'><strong>Plato</strong></span> <span class='ocrx_word' id='word_1_463' title='bbox 2473 3334 2636 3385; x_wconf 83' lang='lat' dir='ltr'><strong>iuxta</strong></span> 
     </span>
     <span class='ocr_line' id='line_1_101' title="bbox 1655 3404 2640 3467; baseline 0.004 -16"><span class='ocrx_word' id='word_1_464' title='bbox 1655 3418 1772 3451; x_wconf 84' lang='lat' dir='ltr'><strong>cum</strong></span> <span class='ocrx_word' id='word_1_465' title='bbox 1839 3406 1960 3453; x_wconf 85' lang='lat' dir='ltr'><strong>aliis</strong></span> <span class='ocrx_word' id='word_1_466' title='bbox 2027 3404 2318 3453; x_wconf 85' lang='lat' dir='ltr'><strong>identidem</strong></span> <span class='ocrx_word' id='word_1_467' title='bbox 2389 3405 2640 3467; x_wconf 78' lang='lat' dir='ltr'><strong>graviter</strong></span> 
     </span>
     <span class='ocr_line' id='line_1_102' title="bbox 1653 3472 2635 3535; baseline 0.003 -15"><span class='ocrx_word' id='word_1_468' title='bbox 1653 3475 2014 3535; x_wconf 85' lang='lat' dir='ltr'><strong>conqueritur,</strong></span> <span class='ocrx_word' id='word_1_469' title='bbox 2052 3472 2216 3521; x_wconf 87' lang='lat' dir='ltr'><strong>veluti</strong></span> <span class='ocrx_word' id='word_1_470' title='bbox 2259 3474 2342 3522; x_wconf 89' lang='lat' dir='ltr'><strong>De</strong></span> <span class='ocrx_word' id='word_1_471' title='bbox 2375 3472 2514 3535; x_wconf 70' lang='lat' dir='ltr'><strong>Rep.</strong></span> <span class='ocrx_word' id='word_1_472' title='bbox 2551 3474 2589 3521; x_wconf 73' lang='lat' dir='ltr'>V</span> <span class='ocrx_word' id='word_1_473' title='bbox 2599 3476 2635 3523; x_wconf 92' lang='lat' dir='ltr'><strong>l.</strong></span> 
     </span>
     <span class='ocr_line' id='line_1_103' title="bbox 1653 3540 2632 3605; baseline 0.006 -18"><span class='ocrx_word' id='word_1_474' title='bbox 1653 3554 1704 3603; x_wconf 89' lang='lat' dir='ltr'><strong>p.</strong></span> <span class='ocrx_word' id='word_1_475' title='bbox 1737 3540 1859 3593; x_wconf 85' lang='lat'><strong>493.</strong></span> <span class='ocrx_word' id='word_1_476' title='bbox 1901 3547 1962 3592; x_wconf 78' lang='grc' dir='ltr'><strong>Α.</strong></span> <span class='ocrx_word' id='word_1_477' title='bbox 2011 3556 2133 3605; x_wconf 84' lang='lat' dir='ltr'><strong>sqq.</strong></span> <span class='ocrx_word' id='word_1_478' title='bbox 2181 3540 2334 3605; x_wconf 84' lang='lat' dir='ltr'><strong>Gorg</strong></span> <span class='ocrx_word' id='word_1_479' title='bbox 2401 3542 2528 3595; x_wconf 84' lang='lat'><strong>501.</strong></span> <span class='ocrx_word' id='word_1_480' title='bbox 2571 3545 2632 3593; x_wconf 83' lang='lat' dir='ltr'><strong>E.</strong></span> 
     </span>
     <span class='ocr_line' id='line_1_104' title="bbox 1653 3610 2705 3675; baseline -0.001 -14"><span class='ocrx_word' id='word_1_481' title='bbox 1653 3625 1684 3671; x_wconf 77' lang='lat' dir='ltr'><strong>p</strong></span> <span class='ocrx_word' id='word_1_482' title='bbox 1740 3610 1858 3662; x_wconf 86' lang='grc'><strong>502.</strong></span> <span class='ocrx_word' id='word_1_483' title='bbox 1895 3611 1958 3660; x_wconf 91' lang='grc' dir='ltr'><strong>Β.</strong></span> <span class='ocrx_word' id='word_1_484' title='bbox 1997 3610 2167 3673; x_wconf 83' lang='lat' dir='ltr'><strong>Legg.</strong></span> <span class='ocrx_word' id='word_1_485' title='bbox 2211 3611 2271 3660; x_wconf 87' lang='lat' dir='ltr'><strong>ll.</strong></span> <span class='ocrx_word' id='word_1_486' title='bbox 2307 3626 2360 3675; x_wconf 81' lang='lat' dir='ltr'><strong>p.</strong></span> <span class='ocrx_word' id='word_1_487' title='bbox 2397 3612 2523 3663; x_wconf 82' lang='grc'><strong>655.</strong></span> <span class='ocrx_word' id='word_1_488' title='bbox 2565 3612 2635 3660; x_wconf 91' lang='grc' dir='ltr'><strong>Ι).</strong></span> <span class='ocrx_word' id='word_1_489' title='bbox 2699 3618 2705 3629; x_wconf 77' lang='grc'><strong>“</strong></span> 
     </span>
     <span class='ocr_line' id='line_1_105' title="bbox 1651 3675 2700 3744; baseline 0.003 -18"><span class='ocrx_word' id='word_1_490' title='bbox 1651 3678 1837 3743; x_wconf 85' lang='lat' dir='ltr'><strong>Itaque</strong></span> <span class='ocrx_word' id='word_1_491' title='bbox 1873 3682 2182 3743; x_wconf 86' lang='lat' dir='ltr'><strong>neutiquam</strong></span> <span class='ocrx_word' id='word_1_492' title='bbox 2205 3688 2286 3731; x_wconf 85' lang='lat' dir='ltr'><strong>est</strong></span> <span class='ocrx_word' id='word_1_493' title='bbox 2307 3681 2637 3744; x_wconf 88' lang='lat' dir='ltr'><strong>mirandum,</strong></span> <span class='ocrx_word' id='word_1_494' title='bbox 2693 3675 2700 3679; x_wconf 71' lang='lat'>&#39;</span> 
     </span>
     <span class='ocr_line' id='line_1_106' title="bbox 1655 3749 2636 3811; baseline 0.004 -16"><span class='ocrx_word' id='word_1_495' title='bbox 1655 3749 1800 3811; x_wconf 87' lang='lat' dir='ltr'><strong>quod</strong></span> <span class='ocrx_word' id='word_1_496' title='bbox 1845 3751 2002 3800; x_wconf 87' lang='lat' dir='ltr'><strong>etiam</strong></span> <span class='ocrx_word' id='word_1_497' title='bbox 2046 3751 2114 3798; x_wconf 88' lang='lat' dir='ltr'><strong>ad</strong></span> <span class='ocrx_word' id='word_1_498' title='bbox 2160 3750 2428 3811; x_wconf 66' lang='lat' dir='ltr'><strong>„puerilem</strong></span> <span class='ocrx_word' id='word_1_499' title='bbox 2477 3752 2636 3799; x_wconf 83' lang='lat' dir='ltr'><strong>insti·</strong></span> 
     </span>
     <span class='ocr_line' id='line_1_107' title="bbox 1651 3818 2636 3869; baseline 0.005 -5"><span class='ocrx_word' id='word_1_500' title='bbox 1651 3818 1912 3867; x_wconf 87' lang='lat' dir='ltr'><strong>tutionem</strong></span> <span class='ocrx_word' id='word_1_501' title='bbox 1965 3819 2228 3868; x_wconf 84' lang='lat' dir='ltr'><strong>traducta·</strong></span> <span class='ocrx_word' id='word_1_502' title='bbox 2263 3825 2388 3869; x_wconf 83' lang='lat' dir='ltr'><strong>sunt</strong></span> <span class='ocrx_word' id='word_1_503' title='bbox 2447 3820 2636 3869; x_wconf 83' lang='lat' dir='ltr'><strong>istius-</strong></span> 
     </span>
     <span class='ocr_line' id='line_1_108' title="bbox 1649 3887 2636 3951; baseline 0.004 -16"><span class='ocrx_word' id='word_1_504' title='bbox 1649 3888 1792 3936; x_wconf 85' lang='lat' dir='ltr'><strong>modi</strong></span> <span class='ocrx_word' id='word_1_505' title='bbox 1825 3889 2070 3937; x_wconf 78' lang='lat' dir='ltr'><strong>artificia.</strong></span> <span class='ocrx_word' id='word_1_506' title='bbox 2112 3887 2264 3947; x_wconf 84' lang='lat' dir='ltr'><strong>Quae</strong></span> <span class='ocrx_word' id='word_1_507' title='bbox 2299 3889 2488 3951; x_wconf 87' lang='lat' dir='ltr'><strong>qualia</strong></span> <span class='ocrx_word' id='word_1_508' title='bbox 2521 3889 2636 3939; x_wconf 85' lang='lat' dir='ltr'><strong>fue·</strong></span> 
     </span>
     <span class='ocr_line' id='line_1_109' title="bbox 1647 3956 2634 4019; baseline 0.005 -16"><span class='ocrx_word' id='word_1_509' title='bbox 1647 3956 1756 4003; x_wconf 88' lang='lat' dir='ltr'><strong>rint</strong></span> <span class='ocrx_word' id='word_1_510' title='bbox 1801 3960 2054 4019; x_wconf 87' lang='lat' dir='ltr'><strong>quoniam</strong></span> <span class='ocrx_word' id='word_1_511' title='bbox 2093 3958 2196 4006; x_wconf 84' lang='lat' dir='ltr'><strong>hoc</strong></span> <span class='ocrx_word' id='word_1_512' title='bbox 2241 3958 2363 4007; x_wconf 87' lang='lat' dir='ltr'><strong>loco</strong></span> <span class='ocrx_word' id='word_1_513' title='bbox 2409 3973 2634 4009; x_wconf 87' lang='lat' dir='ltr'><strong>accura—</strong></span> 
     </span>
     <span class='ocr_line' id='line_1_110' title="bbox 1647 4025 2633 4090; baseline 0.007 -20"><span class='ocrx_word' id='word_1_514' title='bbox 1647 4025 1752 4074; x_wconf 87' lang='lat' dir='ltr'><strong>tius</strong></span> <span class='ocrx_word' id='word_1_515' title='bbox 1799 4028 2112 4088; x_wconf 84' lang='lat' dir='ltr'><strong>edocemur,</strong></span> <span class='ocrx_word' id='word_1_516' title='bbox 2169 4027 2336 4075; x_wconf 80' lang='lat' dir='ltr'><strong>verba</strong></span> <span class='ocrx_word' id='word_1_517' title='bbox 2383 4028 2633 4090; x_wconf 79' lang='lat' dir='ltr'><strong>profecto</strong></span> 
     </span>
     <span class='ocr_line' id='line_1_111' title="bbox 1647 4093 2634 4160; baseline 0.006 -19"><span class='ocrx_word' id='word_1_518' title='bbox 1647 4093 1960 4156; x_wconf 86' lang='lat' dir='ltr'><strong>dignissima</strong></span> <span class='ocrx_word' id='word_1_519' title='bbox 2009 4105 2161 4157; x_wconf 83' lang='lat' dir='ltr'><strong>sunt,</strong></span> <span class='ocrx_word' id='word_1_520' title='bbox 2225 4108 2364 4159; x_wconf 82' lang='lat' dir='ltr'><strong>quae</strong></span> <span class='ocrx_word' id='word_1_521' title='bbox 2428 4112 2634 4160; x_wconf 80' lang='lat' dir='ltr'><strong>expen-</strong></span> 
     </span>
     <span class='ocr_line' id='line_1_112' title="bbox 1644 4163 2634 4229; baseline 0.006 -19"><span class='ocrx_word' id='word_1_522' title='bbox 1644 4163 1837 4213; x_wconf 83' lang='lat' dir='ltr'><strong>dantur</strong></span> <span class='ocrx_word' id='word_1_523' title='bbox 1863 4179 2018 4227; x_wconf 87' lang='lat' dir='ltr'><strong>quam</strong></span> <span class='ocrx_word' id='word_1_524' title='bbox 2049 4165 2488 4229; x_wconf 83' lang='lat' dir='ltr'><strong>diligentissime.</strong></span> <span class='ocrx_word' id='word_1_525' title='bbox 2510 4168 2634 4216; x_wconf 82' lang='lat' dir='ltr'><strong>Hoc</strong></span> 
     </span>
     <span class='ocr_line' id='line_1_113' title="bbox 1629 4234 2633 4303; baseline 0.007 -25.085"><span class='ocrx_word' id='word_1_526' title='bbox 1629 4240 1814 4303; x_wconf 29' lang='lat' dir='ltr'><strong>‘autem</strong></span> <span class='ocrx_word' id='word_1_527' title='bbox 1841 4245 1898 4281; x_wconf 85' lang='lat' dir='ltr'><strong>ut</strong></span> <span class='ocrx_word' id='word_1_528' title='bbox 1919 4242 2064 4285; x_wconf 77' lang='lat' dir='ltr'><strong>certa</strong></span> <span class='ocrx_word' id='word_1_529' title='bbox 2101 4234 2316 4287; x_wconf 76' lang='lat' dir='ltr'><strong>ratione</strong></span> <span class='ocrx_word' id='word_1_530' title='bbox 2355 4235 2476 4285; x_wconf 79' lang='lat' dir='ltr'><strong>fleri</strong></span> <span class='ocrx_word' id='word_1_531' title='bbox 2503 4252 2633 4300; x_wconf 82' lang='lat' dir='ltr'><strong>pos·</strong></span> 
     </span>
    </p>
   </div>
  </div>
 </body>
</html>
