2857 4738
883 357 1018 420 DE
1065 353 1480 422 LEGIBUS
1528 368 1651 422 etc.
2022 345 2264 422 XLIII

149 523 370 607 ipsum
455 524 698 588 Plato
775 525 899 607 iis,
959 547 1124 608 quos
1182 525 1651 609 iudicavimus,
1710 526 1875 593 locis
1937 527 2116 592 haud
2172 529 2267 591 ita

151 609 452 674 obscure
523 609 906 696 prodidit,
977 611 1515 696 quandoquidem
1590 613 1797 677 altero
1865 613 2269 700 significavit

157 704 476 780 tempus,
560 721 718 780 quo
789 696 1076 760 maxima
1147 697 1320 762 solet
1367 719 1527 780 ,esse
1570 699 1917 786 longitudo
1990 697 2265 782 dierum,

165 781 376 846 altero
443 805 860 847 sermonem
919 805 1130 866 usque
1186 781 1293 846 ad»
1329 783 1477 849 libri
1540 786 1753 868 quarti
1814 785 2055 850 exitum
2116 808 2267 870 pro-

169 867 482 954 fligatum
557 891 730 934 esse
789 867 1087 933 ostendit
1143 868 1400 933 circiter
1458 892 1671 954 usque
1739 870 1823 937 ad
1894 869 2267 948 meridiem3

171 977 321 1018 nam
381 953 578 1018 illud
651 952 895 1039 σχεδόν
941 953 1031 1018 ibi
1077 954 1306 1040 proc'ul
1349 955 1552 1020 dubio
1598 955 2119 1022 connectendum'
2169 967 2269 1021 est

173 1063 320 1104 cum
367 1043 806 1126 μεσημβρία
851 1046 1104 1124 γέγονε.
1158 1127 1166 1131 μ

1057 1284 1449 1294 ——--—--—---——-

695 1480 877 1642 Gap]
939 1527 1130 1620 xvi.
1252 1527 1632 1647 segment.
1699 1533 1817 1623 ΙΙΙ.

447 1729 578 1785 lle
618 1730 907 1802 ‹ll-‚logi
945 1731 1194 1794 initio,
1241 1747 1641 1802 progressu
1680 1739 1759 1794 et
1796 1737 2025 1791 exitu.

372 1901 476 1966 Et
541 1901 869 1970 hactenus
923 1901 1186 1987 quidem
1247 1903 1328 1968 de
1389 1915 1631 1970 ornatu
1690 1906 1935 1993 dialogi
1980 1909 2267 1992 scenice,

221 2009 404 2070 quem
466 1988 592 2072 qui
663 1989 898 2053 acrius
939 1988 1533 2074 reprehenderunt,
1598 1993 1647 2056 ii
1689 1994 1989 2080 profecto
2032 2012 2112 2060 cu
2164 1993 2271 2056 ide

227 2075 424 2160 magis
489 2097 698 2158 quam
755 2097 904 2140 vere
948 2074 1803 2164 iudicavisseexistimandi
1848 2089 2020 2144 sunt.
2166 2103 2269 2144 ro-

235 2159 562 2244 gredimur
625 2159 712 2224 ad
772 2162 1092 2226 sermonis
1163 2163 1677 2248 expositionem,
1755 2159 2049 2248 initium,
2118 2187 2271 2250 pro·

233 2268 554 2330 gressum,
619 2246 910 2328 exitum,
969 2247 1035 2310 in
1093 2248 1332 2331 quibus
1391 2252 1683 2313 cernitur
1725 2249 2036 2327 dramatis
2086 2251 2273 2334 quasi

109 2349 128 2368 ·
277 2330 608 2417 hilosophi
656 2333 980 2419 perfectio
1025 2343 1090 2398 et
1117 2335 1483 2401 absolutio.-
1558 2333 2058 2400 Consideranda
2102 2335 2273 2399 enim

239 2353 398 2481 gase
439 2440 702 2505 quoque
733 2430 910 2485 ‚sunt
939 2419 1345 2506 diligentius,
1396 2420 1929 2507 quandoquidem
1976 2423 2273 2487 Astius

248 2501 346 2566 De
400 2504 551 2569 Vita
611 2515 684 2569 et
742 2502 1024 2592 >Scriptis
1085 2507 1250 2571 Plat.
1309 2530 1370 2591 p.
1419 2509 1566 2571 387.
1628 2530 1726 2593 sq.
1775 2518 1839 2571 et
1882 2508 2273 2573 Zellerus

239 2587 276 2655 l.
315 2612 368 2653 c.
415 2614 478 2676 p.
531 2594 639 2655 57.
683 2614 836 2676 sqq.
896 2592 1176 2678 plurima
1234 2594 1303 2656 in
1360 2592 1443 2658 iis
1488 2594 1787 2681 'graviore
1834 2614 2112 2686 censura
2154 2616 2271 2659 no·
2328 2652 2332 2656 .

235 2684 552 2741 taverunt.

393 2762 942 2849 Distinguendus
999 2774 1212 2829 autem
1271 2764 1341 2827 in
1402 2763 1630 2829 harum
1692 2788 1905 2829 rerum
1948 2764 2273 2830 diiudica-

232 2847 420 2912 tione·
473 2847 984 2935 diligentissime
1041 2860 1142 2914 est
1185 2851 1474 2915 universi
1518 2852 1837 2916 sermonis
1884 2872 2273 2938 progressus
2361 2933 2365 2937 Ι

232 2944 292 2997 et
331 2934 556 3000 exitus
603 2958 644 2997 a
699 2936 1104 3021 singularum
1149 2938 1433 3021 partium
1478 2938 1890 3004 tractatione.
1978 2940 2277 3023 Apparet

229 3020 396 3083 enim
458 3020 649 3085 illum
703 3022 864 3086 satis
905 3032 1175 3087 wrectum
1237 3032 1303 3087 et
1338 3022 1757 3088 ·laudabilem
1830 3044 1974 3087 esse
2053 3042 2273 3108 posse,

227 3107 489 3174 etiamsi
562 3106 828 3193 singula
895 3107 1110 3177 minus
1189 3109 1492 3173 sollerter
1561 3110 1694 3173 sint
1772 3106 2139 3189 elaborata,
2200 3130 2277 3172 ac

227 3192 524 3257 vicissim
580 3192 876 3279 singulas
932 3195 1248 3267 sermonis
1301 3204 1525 3281 partes
1597 3195 1761 3259 scite
1822 3204 1887 3256 et
1945 3192 2281 3280 eleganter

227 3299 376 3343 esse
423 3300 632 3364 posse
658 3289 1004 3361 tractatae,
1053 3301 1251 3365 quum
1283 3290 1463 3346 totus
1494 3302 1709 3345 sermo
1737 3278 1992 3345 laboret
2019 3279 2274 3344 inertia.

226 3363 472 3449 Itaque
517 3364 600 3428 de
643 3364 924 3449 utroque
971 3376 1263 3431 seorsum
1311 3366 1621 3432 dicemus.

404 3450 500 3517 Et
559 3448 644 3513 de
701 3452 989 3517 universi
1051 3452 1314 3535 quidem
1375 3449 1695 3517 sermonis
1753 3450 2009 3514 ratione
2054 3450 2279 3515 licebit

227 3536 422 3601 nobis
501 3558 654 3601 esse
720 3538 1145 3604 brevioribus,
1247 3539 1513 3604 Etenim
1572 3560 1655 3601 ex
1706 3537 1822 3619 iis,
1873 3559 2039 3619 quae
2080 3548 2278 3602 antea

223 3618 312 3685 de
361 3620 716 3688 dialectica
760 3625 1130 3709 argumenti
1159 3622 2106 3709 tractatione,disputavimus,
2150 3625 2278 3687 iam

226 3709 664 3795 perspicuum
711 3710 847 3779 fore
895 3720 1224 3795 putamus,
1272 3710 1563 3775 universi
1610 3710 1921 3794 colloquii
1964 3714 2279 3794 tanqua'm

223 3795 562 3859 actionem
609 3796 876 3861 omnino
923 3818 1068 3866 esse
1113 3797 1340 3881 talem,
1387 3819 1557 3880 quae
1602 3798 1759 3861 artis
1804 3796 2065 3881 legibus
2112 3796 2279 3860 bene

223 3882 612 3947 conveniat.
715 3881 890 3946 Nam
957 3905 1271 3966 quorsum
1331 3883 1553 3949 statim
1612 3883 1693 3947 ab
1738 3882 1927 3946 initio
1976 3880 2281 3967 dirigitur

223 3968 442 4045 omnis
489 3968 964 4053 disputationis
1021 3991 1284 4051 cursile,
1333 3992 1412 4034 eo
1454 3978 1603 4047 non‘
1636 3977 1737 4033 est
1780 3968 2070 4047 dubium,
2120 3965 2277 4049 quin

217 4052 290 4117 in
353 4055 510 4139 ipso
571 4054 792 4140 operis
841 4056 1022 4118 exitu
1066 4055 1160 4118 ita
1204 4054 1756 4139 perventumaesit,
1806 4066 1875 4116 ut
1922 4062 2133 4115 totum
2178 4075 2281 4115 ar·-

223 4152 616 4225 gumentum
679 4138 971 4223 denique
1029 4140 1244 4225 plene·
1277 4142 1675 4227 explicatum
1734 4160 1877 4203 esse
1938 4148 2279 4225 appareat,

225 4224 776 4312 quandoquidem
821 4225 1304 4312 nihil·amplius
1351 4237 1687 4313 superest,
1734 4222 1915 4305 quod
1960 4247 2079 4310 pro
2124 4246 2278 4290 con—
