2857 4738
823 357 949 422 ns
998 356 1430 426 LEGIBUS
1469 371 1591 424 eta.
1975 339 2221 462 xnus}

202 544 318 606 qua-
360 545 425 588 re
479 523 786 608 disputat
854 525 1245 593 Zelle'rus
1318 528 1512 594 Stud.
1573 527 1738 594 Plat.
1817 553 1884 615 p.
1953 533 2051 598 79.
2114 553 2210 616 sq.

202 608 519 674 Enimvero
574 607 981 676 inducuntur
1037 633 1193 678 sane
1239 614 1308 677 in
1356 613 1655 700 Legibus
1703 637 1900 680 senes
1941 615 2038 679 ita
2079 617 2214 700 col·

202 694 545 776 loquenteS,
604 705 685 760 ut
740 719 870 760 non
923 697 1131 768 ‚modo
1179 697 1259 762 de
1302 699 1550 784 pietate
1594 709 1658 765 et
1703 699 2020 786 religione
2064 719 2213 786 gra·
2253 762 2266 771 .

199 779 431 844 vissime
486 779 865 866 disputent,
930 805 1156 847 verum
1216 786 1414 848 etiam
1459 785 1528 849 in
1573 786 1720 871 ipso
1766 807 2068 850 sermone
2109 808 2212 850 re-

200 888 319 928 rum
373 865 742 932 divinarum
800 867 1267 934 verecundiam
1326 869 1548 936 verbis
1605 871 1934 954 factisque
1975 869 2214 935 identi-

202 949 326 1014 dem
365 951 649 1036 prodant
692 974 769 1014 ac
816 953 1281 1018 testificentur.
1369 955 1543 1020 Nam
1577 956 1806 1021 crebro
1851 973 2216 1022 memorant

198 1035 310 1099 vim
349 1058 723 1119 numenque
766 1035 1065 1120 deorum,
1124 1040 1341 1104 veluti
1387 1042 1572 1105 Libr.
1635 1041 1766 1108 III.
1812 1065 1877 1126 p.
1941 1043 2086 1108 682.
2131 1038 2212 1106 Ε.

199 1119 271 1182 V.
310 1145 367 1206 p.
426 1123 572 1185 722.
622 1121 702 1185 C.
763 1122 884 1206 aL,
930 1125 1162 1189 crebro
1207 1125 1365 1190 item
1410 1127 1668 1191 felicem
1707 1147 1784 1190 ac
1827 1148 2216 1213 prosperum

196 1202 643 1289 disputationis
704 1227 861 1272 suae
933 1217 1315 1282 successum
1375 1234 1456 1274 ex
1513 1211 1800 1276 numinis
1856 1211 2064 1276 divini
2118 1212 2214 1277 fa·

196 1313 331 1354 vore
385 1312 454 1356 et
506 1292 766 1357 auxilio
804 1316 1192 1380 suspensum
1238 1294 1381 1360 fore
1426 1297 1752 1380 fatentur,
1795 1297 1972 1360 unde
2017 1298 2214 1362 toties

195 1386 492 1461 usurpant
546 1399 743 1442 suum
806 1379 1023 1461 istud,
1098 1383 1213 1444 ἐὰν
1277 1379 1452 1457 θεός
1505 1385 1754 1466 ἐθέλῃ,
1799 1390 1875 1446 ut
1917 1381 2105 1446 Libr.
2152 1381 2210 1447 Ι.

196 1481 251 1543 p.
294 1463 429 1526 632.
476 1460 557 1527 Ε.
609 1463 745 1526 III.
790 1488 854 1549 p.
904 1467 1049 1530 688.
1099 1467 1180 1530 Ε.
1228 1467 1311 1530 V.
1359 1491 1422 1552 p.
1472 1469 1618 1534 739.
1663 1467 1744 1531 Ε.
1801 1465 1914 1531 VI.
1959 1490 2023 1550 p.
2070 1462 2214 1532 752.

196 1548 268 1608 A.
318 1547 469 1611 VII.
532 1573 597 1634 p.
654 1551 797 1632 7229.
851 1549 930 1616 Ε.
978 1550 1180 1618 VIII..
1220 1577 1281 1637 p.
1330 1554 1480 1618 841.
1528 1553 1604 1616 Ε.
1651 1552 1880 1616 crebro
1927 1551 2216 1634 denique

114 1628 123 1635 ⁷
198 1631 321 1696 aliis
362 1632 569 1698 modis
633 1656 818 1698 suam
878 1655 1036 1721 erga.
1096 1635 1256 1701 deos
1320 1647 1387 1702 et
1444 1657 1548 1701 res
1615 1635 1871 1701 divinas
1915 1658 2216 1701 reveren-

195 1716 334 1780 tiam
362 1718 751 1786 declarant.
842 1719 1087 1784 Verum
1146 1723 1317 1787 enim
1373 1735 1532 1787 v'ero
1592 1721 1718 1787 hoc
1779 1745 1985 1805 quum
2027 1722 2218 1788 facile

196 1800 522 1890 largiamur
564 1805 827 1890 Legum
886 1806 1069 1889 operi
1127 1815 1442 1891 tanquam
1489 1807 1750 1892 privum
1786 1829 1938 1872 esse
1981 1827 2060 1872 ac
2105 1829 2216 1892 pe-

194 1888 452 1971 culiare,
514 1911 914 1978 quamquam
959 1893 1195 1956 necin
1242 1893 1387 1958 aliis
1436 1893 1622 1957 libris
1667 1892 1906 1956 desunt
1953 1893 2214 1980 similia,

195 1981 261 2036 ut
298 1997 486 2058 quum
530 1976 599 2039 in
648 1978 863 2039 rerum'
908 1979 1205 2062 gravium
1252 2001 1349 2042 ac·
1378 1977 1746 2043 difficilium
1773 1976 2221 2062 disputatione

198 2056 440 2124 deorum
494 2059 887 2147 imploratur
943 2063 1257 2126 auxilium
1319 2062 1574 2128 Phileb.
1621 2085 1684 2148 p.
1735 2065 1834 2127 ⁴25.
1886 2064 1963 2130 Β.
2005 2087 2073 2148 p.
2117 2065 2220 2127 61.

201 2141 270 2207 Β.
311 2145 465 2214 Tim.
524 2171 587 2232 p.
659 2149 765 2212 27.
824 2144 923 2228 C.‚
992 2155 1207 2212 tamen
1269 2170 1397 2232 quo
1458 2149 1597 2212 iure
1641 2149 1770 2212 ista
1815 2148 2080 2230 pietatis
2125 2156 2221 2210 te-

206 2228 485 2296 stificatio
548 2231 839 2296 dicatur'
869 2231 1095 2317 inepta
1153 2248 1220 2298 et
1264 2255 1303 2296 a
1358 2233 1658 2297 Platonis
1702 2231 1974 2316 ingenio
2017 2239 2084 2295 et
2126 2252 2220 2292 ra-

206 2313 363 2378 tione
416 2315 663 2398 aliena,
738 2315 1250 2401 haudquaquam
1313 2317 1766 2401 intelligimus.
1871 2316 1997 2381 Est
2053 2313 2226 2379 enim

208 2396 309 2461 illa
343 2411 551 2467 nostro
601 2399 871 2487 quidem
931 2402 1181 2467 iudicio
1228 2404 1488 2489 Legum
1536 2411 1923 2487 argumento
1967 2408 2032 2463 et
2072 2422 2224 2486 pro-

208 2482 404 2567 posito
456 2487 655 2576 longe
718 2487 1360 2553 convenientissima.
1470 2486 1644 2565 Nam
1700 2486 1756 2550 si
1815 2501 2041 2550 verum
2101 2494 2224 2567 est,

206 2568 364 2651 quod
420 2595 623 2659 supra
681 2569 1137 2637 demonstrare
1196 2572 1418 2638 conati
1483 2593 1744 2655 sumne,
1807 2570 2070 2638 Platoni
2134 2570 2230 2633 ita

205 2654 383 2719 fuisse
424 2679 852 2743 persuasum,
902 2667 977 2721 ut
1018 2658 1085 2721 in
1132 2681 1210 2722 ea.
1253 2659 1544 2740 civitate,
1587 2678 1756 2739 quae
1801 2678 2032 2722 revera
2071 2677 2228 2741 pos-

205 2739 282 2803 sit
330 2741 395 2806 in
447 2744 663 2828 ipsam
730 2742 1087 2807 hominum'
1125 2743 1329 2808 vitam
1398 2742 1770 2825 introduci,
1842 2740 2226 2828 potentissi-

204 2848 357 2889 mum
410 2827 674 2893 virtutis
778 2827 1133 2893 raesidium
1180 2827 1756 2911 et,-adiumentum
1813 2826 1882 2891 in
1957 2825 2238 2911 pietatis

202 2930 269 2973 ac
325 2912 660 2999 religionis
755 2904 1061 2999 isciplina
1104 2914 1396 3000 positum
1441 2912 1872 2991 iudicaverit3
1929 2912 2230 3009 profecto

198 2995 378 3061 etiam
436 3005 959 3064 consentaneum
1016 3000 1142 3073 suit
1162 3048 1179 3081 ‚
1234 3008 1309 3064 ut
1352 2998 1618 3063 eosdem
1663 2997 1812 3062 illos
1833 3044 1854 3078 ‚
1915 3016 2084 3079 quos
2129 3017 2229 3058 in-

201 3080 591 3149 troduxisset
650 3084 829 3148 cives
872 3105 1028 3149 suos
1072 3084 1159 3150 ad
1202 3085 1514 3170 pietatem
1555 3084 1986 3147 instituentes
2031 3087 2234 3162 atque

202 3165 631 3251 cohortante8‚
696 3169 877 3252 ipsos
935 3191 1198 3254 quoque
1242 3170 1389 3255 pios
1435 3178 1501 3233 et
1545 3166 1894 3252 religiosos
1935 3163 2234 3263 fingeret.

202 3249 341 3316 Hoc
388 3253 615 3339 ipsum
671 3257 893 3319 autem
956 3254 1103 3338 quis
1160 3264 1259 3319 est
1320 3254 1482 3339 quin
1545 3252 1829 3315 fateatur
1884 3270 2235 3332 convenire

200 3334 501 3422 imprimis
560 3339 633 3402 in
677 3360 873 3405 senes
932 3337 1121 3423 istos,
1166 3340 1280 3423 qui
1340 3342 1512 3405 inter
1575 3337 1758 3422 ipsos
1833 3333 1913 3399 de
1970 3333 2236 3423 optimis

201 3419 445 3508 legibus
492 3424 783 3511 graviter
826 3425 1232 3509 copioseque
1280 3419 1790 3507 colloquuntur?
1851 3420 2236 3495 ,Enimvero

202 3506 469 3573 similem
530 3517 713 3575 certe
766 3509 961 3574 Plato
1018 3509 1213 3575 finxit
1256 3509 1450 3575 etiam
1498 3506 1867 3591 Cephalum
1911 3505 2094 3569 illum
2136 3525 2238 3569 se·-

202 3612 339 3655 nem
380 3593 491 3659 De
534 3594 705 3677 Rep.
754 3594 807 3659 Ι.
853 3618 921 3679 p.
968 3595 1093 3659 328
1138 3632 1221 3641 ——
1268 3597 1462 3676 331.‚
1511 3594 1624 3675 qui
1671 3611 1872 3675 quum
1917 3590 2063 3655 aliis
2110 3590 2240 3653 vir-

200 3676 445 3741 tutibus
507 3678 807 3743 amabilis
868 3688 991 3761 est,
1036 3688 1189 3743 tum·
1218 3678 1443 3762 placet
1496 3677 1816 3763 imprimis
1875 3676 2072 3740 etiam
2128 3674 2241 3759 pia

201 3758 306 3825 illa
346 3772 671 3849 grataque
712 3762 986 3829 deorum
1030 3763 1454 3827 veneratione
1477 3811 1496 3845 ‚
1546 3784 1739 3847 quam
1781 3758 1982 3827 modo
2039 3759 2240 3826 sacri-

198 3845 357 3911 ficiis
410 3848 497 3913 iis
552 3846 799 3912 oblatis
857 3848 1073 3933 palam
1137 3849 1315 3915 fecit.
1400 3847 1628 3913 Habes
1670 3846 1914 3933 igitur,
1963 3846 2018 3909 si
2063 3842 2243 3941 quod

203 3929 531 3997 desideres
550 3980 570 4017 ‚
630 3931 814 4018 apud
873 3934 1092 4017 ipsum
1152 3934 1501 3998 Platonem
1559 3933 1754 3997 etiam
1817 3932 2091 3996 alterum
2150 3950 2244 4012 pu

204 4036 277 4080 ac
355 4018 653 4106 religiosi
736 4019 913 4083 senis
986 4020 1375 4104 exemplum.
1487 4016 1914 4101 Quamquam
1984 4013 2054 4111 in
2130 4012 2245 4111 tali

202 4099 467 4184 quidem
508 4124 749 4171 caussa
791 4103 1115 4188 exemplis
1142 4104 1302 4171 nihil
1346 4124 1516 4187 opus
1561 4104 1722 4167 est..
1772 4097 2038 4195 Sufficit
2080 4116 2250 4161 eni-m

204 4184 633 4271 intellexisse,
696 4189 917 4255 omn-ia
970 4187 1271 4255 sollerter
1326 4195 1399 4251 et
1451 4184 1760 4271 primario
1819 4204 2068 4265 opens·
2095 4204 2250 4245 con-
