2857 4738
683 312 767 375 30

1430 311 2007 394 PLAToNxs

681 484 1000 575 ὲπιῤῥεῖν·
1055 484 1428 572 ἀνάμνησις
1480 487 1540 555 δ’
1596 494 1771 554 ἐστὶν
1804 487 2085 578 ἑπιῤῥοὴ
2124 490 2492 578 φρονήσεως
2526 494 2670 565 ἀπο·

565 595 623 661 C
681 587 1052 668 λειπούσης.
1125 588 1227 655 διὸ
1301 590 1380 668 δὴ
1452 589 1750 673 γελώτων
1826 615 1893 656 τε
1960 592 2307 677 εἴργεσθαι
2370 593 2487 679 χρὴ
2562 600 2670 663 τῶν

675 690 974 769 ἐξαισίων
1025 686 1136 757 ’καὶ
1191 688 1528 777 δακρύων,
1582 694 2060 776 παραγγέλλειν
2128 696 2195 759 δὲ
2250 700 2442 762 παντὶ
2494 697 2661 767 πάντ’

815 887 880 938 Ρ.
919 888 1037 941 732.
1111 886 1173 937 C.
1247 885 1642 953 φρονήσεως
1678 882 2207 955 ἀπολειπούσης]
2248 890 2337 941 Sic
2372 891 2439 939 A.
2466 892 2535 941 Μ.
2558 892 2601 941 h.
2635 908 2667 942 r.

747 1054 821 1115 C,
889 1052 991 1105 διὸ
1049 1053 1123 1120 δὴ
1182 1054 1473 1121 γελωτων
1538 1058 1641 1123 —]

678 1125 964 1176 Coaretata
1021 1127 1196 1177 oratio
1257 1140 1380 1191 pro.
1443 1124 1527 1176 διὸ
1582 1124 1649 1192 δὴ

676 1194 838 1259 λέγειν
872 1193 996 1265 χρή,
1036 1192 1114 1245 ὅτι
1137 1178 1240 1247 δει
1271 1195 1505 1263 γελώτων
1542 1200 1642 1263 εἴρ·

672 1264 867 1330 γεσθαι
905 1282 949 1314 κ.
992 1283 1033 1315 τ.
1072 1267 1112 1315 7..

741 1336 839 1383 καὶ
879 1330 1052 1400 ὅλην
1066 1330 1499 1399 περιχάρειαν
1534 1338 1645 1385 πᾶ-

674 1418 790 1453 σαν
832 1404 932 1469 -]
998 1413 1060 1455 et
1118 1421 1365 1455 omnem
1421 1406 1645 1457 immo-

671 1476 964 1526 deratam
1024 1476 1362 1526 laetitiam
1430 1482 1493 1524 et
1550 1478 1638 1525 ni-

669 1544 852 1594 miam
932 1545 1281 1596 tristitiam
1361 1540 1637 1607 penitus

669 1616 1126 1665 occultantem
1163 1616 1479 1665 decorum
1510 1630 1639 1665 ser·-

674 1698 828 1733 vare
865 1685 1144 1733 studere
1181 1684 1434 1735 debere.
1499 1685 1637 1735 Nam

674 1753 835 1802 verba
871 1754 1010 1801 huno
1045 1754 1100 1802 in
1138 1755 1349 1803 modum
1367 1753 1640 1817 iungenda

671 1824 952 1872 videntur·
1009 1822 1090 1871 καὶ
1158 1819 1481 1886 περιχάρειαν
1553 1825 1637 1873 καὶ

672 1889 1019 1955 περιωδυνίαν
1077 1893 1248 1941 πᾶσαν
1302 1887 1634 1958 ἀποκρυπτό-

669 1977 838 2023 μενον.
885 1957 1010 2025 ὅλην
1069 1955 1402 2026 εὐσχημονεῖν
1459 1964 1634 2028 πειρᾶ-

669 2031 818 2081 σθαι.
889 2032 1070 2095 Itaqne
1118 2028 1242 2095 ὅλην
1288 2032 1521 2097 pertinet
1565 2035 1634 2084 ad

667 2102 886 2151 verbum
925 2109 976 2150 et
1011 2117 1104 2165 per
1139 2102 1411 2185 prolepsin
1438 2110 1517 2152 est
1540 2118 1632 2151 ex-

666 2173 990 2257 plicandum,
1013 2173 1090 2221 ita
1121 2178 1179 2221 ut
1215 2173 1304 2221 sit:
1345 2167 1471 2221 ὥςτε
1506 2168 1635 2237 ὅλην

667 2236 1115 2307 ἀποκρύπτεσθαι,
1149 2242 1184 2291 i.
1224 2256 1268 2291 e.
1310 2236 1474 2300 ὅλως,·
1508 2258 1633 2293 nam

665 2314 724 2363 in
780 2313 974 2362 talibus
1036 2312 1381 2373 adiecti'vum,
1438 2312 1631 2378 quippe

667 2384 810 2448 quod
879 2384 949 2432 ad
1013 2382 1230 2434 verbum
1294 2384 1629 2433 referendum

663 2456 752 2514 sit,
779 2467 937 2516 saepe
973 2451 1040 2501 ad
1078 2454 1350 2502 notionem
1387 2453 1629 2503 adverbii

663 2531 842 2586 potest
883 2522 1145 2570 revocari.
1193 2519 1364 2586 Gorg.
1407 2538 1459 2585 p.
1502 2521 1625 2574 455.

661 2592 742 2641 1)·
791 2587 892 2654 ἐγώ
947 2585 1256 2652 πειράσομαι
1321 2603 1394 2626 -·
1444 2591 1629 2654 σαφῶς

661 2655 992 2720 αποκαλύψαι
1050 2654 1143 2721 τὴν
1199 2659 1289 2722 τῆς
1351 2661 1628 2724 ρητορικης

662 2725 880 2790 δύναμιν
930 2725 1152 2776 ἅπασαν.
1226 2728 1517 2810 Legg.11.
1568 2746 1621 2793 p.

660 2799 782 2851 662.
806 2800 886 2848 A:
926 2797 1008 2846 καὶ
1029 2812 1197 2846 ποιων
1234 2792 1266 2846 ὅ
1301 2800 1351 2844 τί
1384 2815 1477 2863 περ
1515 2796 1622 2848 ἐπι-

658 2867 834 2929 θυμοῖ
872 2864 963 2917 τὸν
1008 2867 1133 2930 βίον
1188 2862 1398 2916 ἅπαντα.
1480 2869 1622 2917 Ari-

660 2945 718 2988 st
733 2938 874 3002 oph
913 2933 1087 2991 Nubb.
1139 2953 1185 2984 v.
1223 2936 1385 2989 1050·
1427 2952 1624 2998 υσομεν

661 3006 754 3073 τὴν
797 3003 956 3056 νύκτα
1004 3007 1194 3055 πᾶσαν.
1263 3006 1401 3056 Ibid.
1440 3023 1490 3056 v.
1528 3007 1619 3062 362

659 3080 710 3128 τί
741 3075 1090 3128 δυςκολαίνεις
1135 3075 1216 3125 καὶ
1273 3075 1481 3138 στρέφει
1527 3074 1621 3142 τὴν

658 3143 819 3212 νύχθ’
860 3144 1103 3212 &innah
1151 3147 1423 3196 Pertinere
1448 3155 1623 3196 autem

657 3221 712 3268 in
757 3218 1018 3270 eiusmodi
1062 3218 1194 3266 loeis
1243 3217 1343 3264 πᾶς
1397 3224 1451 3265 et
1494 3213 1621 3266 ὅλος

654 3288 726 3338 ad
761 3288 912 3336 verbi
955 3287 1259 3350 notionem,
1294 3281 1623 3335 etiam'talia

657 3358 924 3420 evincunt,
961 3357 1119 3420 quale
1156 3362 1236 3406 est
1271 3356 1318 3404 A
1335 3357 1390 3404 ri
1402 3371 1426 3404 s
1442 3363 1464 3404 t
1478 3371 1509 3404 o
1520 3372 1555 3418 p
1566 3357 1619 3405 h.
1622 3383 1628 3390 -

655 3426 832 3475 Nubb.
882 3443 932 3474 v.
983 3425 1148 3478 1063·
1199 3423 1257 3474 ἐν
1303 3430 1410 3474 τοῖς
1458 3421 1619 3488 στρώ-

654 3510 808 3555 μασιν
854 3492 948 3577 τὴν
991 3490 1151 3544 νύκτα
1198 3496 1548 3580 παννυχίζειν,
1585 3496 1622 3544 i.

655 3580 701 3617 e.
741 3561 833 3630 τὴν
867 3560 1026 3614 νύκτα
1055 3568 1225 3614 πᾶσαν
1248 3561 1454 3613 ἄυπνον
1474 3557 1621 3614 εἶναι.

653 3636 834 3700 Atque
881 3635 1012 3684 haee
1055 3636 1099 3684 si
1155 3649 1278 3684 vere
1324 3635 1617 3700 disputavi-

653 3719 787 3767 mus,
801 3719 992 3754 vanam
1006 3719 1118 3754 esse
1140 3711 1366 3770 apparet
1381 3719 1619 3768 operam,

654 3789 810 3840 quam
844 3775 948 3823 viri
985 3775 1127 3826 docti
1163 3775 1220 3822 in
1251 3775 1431 3824 verbis
1454 3776 1619 3823 corri-

652 3844 838 3908 gendis
894 3845 1264 3907 mutandisque
1313 3850 1617 3906 consumse-

651 3921 791 3964 runt.
861 3913 1000 3976 Nam
1041 3912 1416 3978 Stephanus
1457 3928 1615 3977 quum

652 3979 779 4048 ὅλην
816 4010 883 4022 -
921 3983 1092 4033 πᾶσαν
1128 3985 1466 4033 coniunctum
1504 3997 1615 4032 mo-

648 4054 782 4104 leste
827 4053 1018 4113 ferret,
1067 4049 1202 4104 ὅλως
1247 4051 1615 4114 refingendum

648 4122 870 4173 censuit.
968 4125 1018 4172 A
1080 4137 1184 4187 quo
1244 4122 1481 4170 Aetius
1538 4122 1617 4170 ita

647 4191 916 4251 discessit,
970 4201 1028 4242 ut
1082 4192 1252 4240 πᾶσαν
1297 4190 1617 4240 iudicaverit

631 4261 916 4328 'glossema
949 4274 1094 4326 esse,
1132 4258 1394 4308 nescimus
1441 4260 1613 4322 quale.

1748 1056 1876 1108 'Alia
1957 1060 2115 1109 etiam
2194 1075 2361 1124 nuper
2427 1066 2665 1111 suaserunt

1749 1127 2055 1179 Orellius
2116 1136 2171 1179 et
2228 1130 2669 1181 Winekelman·

1746 1214 1884 1261 nus.
1977 1199 2115 1249 Nam
2179 1198 2473 1249 Orellius
2536 1215 2667 1263 quum

1744 1260 1975 1317 vidisset
2020 1269 2335 1319 vocabulum
2384 1265 2669 1329 κοάλεμοςιι

1745 1336 1967 1387 Timaeo
2028 1338 2207 1387 Gloss.
2262 1356 2315 1403 p.
2378 1338 2488 1391 160
2551 1341 2667 1389 inter

1744 1408 1953 1469 glossas
1995 1406 2302 1459 Platonicus
2338 1410 2543 1459 relatum
2568 1421 2666 1457 esse

1738 1492 1840 1526 nee
1885 1485 2060 1527 tamen
2106 1478 2267 1527 huius
2328 1478 2551 1529 vocabuli
2594 1491 2667 1525 ve·

1741 1547 1960 1609 stigium
1998 1548 2055 1595 in
2096 1548 2339 1597 Platonis
2376 1548 2567 1610 scriptis
2598 1557 2665 1595 us·

1741 1630 1898 1679 quam
1932 1623 2133 1676 extare,
2162 1626 2417 1681 protenus
2451 1617 2531 1666 hie
2566 1616 2670 1673 seri·

1740 1686 1969 1735 bendum
2024 1688 2285 1737 iudicavit
2330 1687 2410 1737 καὶ
2455 1681 2666 1745 κοάλεμον

1740 1752 2078 1819 περιχάρειαν.
2132 1754 2235 1805 cui
2258 1756 2453 1808 rationi
2476 1756 2665 1819 primum

1736 1826 1872 1875 illud
1907 1827 2248 1889 adversatur,
2288 1826 2429 1891 quod
2473 1822 2666 1875 voeabu-

1733 1894 1841 1943 lum
1888 1896 2050 1947 etiam
2095 1897 2164 1946 ad
2204 1892 2541 1962 περιωδυνίαν
2570 1906 2664 1957 per·

1734 1964 1883 2013 tinet.
1955 1964 2166 2015 Deinde
2218 1981 2350 2015 vero
2399 1965 2547 2015 etiam
2586 1963 2663 2011 hoe

1730 2034 1941 2083 inanem
1986 2048 2103 2085 eam
2148 2050 2281 2085 esse·
2312 2036 2508 2097 arguit,
2553 2030 2665 2095 quod

1734 2102 1893 2153 Plato
1934 2118 2043 2153 non
2080 2111 2288 2155 tantum
2324 2105 2513 2154 stolida
2540 2108 2667 2165 atque

1734 2187 1873 2222 vana
1916 2172 2121 2223 laetitia
2167 2182 2220 2223 et
2274 2175 2491 2224 tristitia
2533 2173 2666 2221 inter·

1734 2242 1931 2291 dictum
1968 2242 2098 2304 vult,
2130 2246 2226 2293 sed
2262 2246 2475 2294 omnino
2510 2242 2665 2291 immo·

1733 2310 1944 2361 deratos
1998 2313 2182 2377 gaudii
2236 2320 2289 2362 et
2336 2312 2529 2362 doloris
2562 2308 2663 2359 affe·

1732 2389 1845 2430 etus
1892 2383 2075 2444 procul
2126 2383 2403 2434 habendos
2456 2396 2563 2432 esse
2598 2392 2664 2427 ar-

1730 2451 1983 2514 bitratur,
2020 2451 2111 2516 qui
2150 2453 2364 2517 quidem
2400 2460 2533 2501 reete
2564 2463 2659 2497 voe.

1732 2517 2024 2585 περιχάρεια
2072 2529 2125 2571 et
2168 2520 2483 2588 περιωδυνία
2532 2517 2665 2582 signi·

1727 2591 1973 2640 ficantur.
2074 2591 2197 2640 Non
2276 2593 2447 2655 magis
2520 2596 2661 2640 autem

1726 2661 2009 2724 probamus
2038 2663 2182 2724 quod
2203 2662 2273 2712 W
2291 2661 2660 2712 inekelman·

1727 2746 1845 2780 nus
1899 2730 2184 2793 legendum
2244 2732 2544 2796 proposuit.
2598 2741 2665 2774 w

1726 2795 1920 2863 ἄλλην
1958 2797 2284 2864 περιχάρειαν
2313 2818 2359 2850 κ.
2392 2817 2429 2851 τ
2452 2801 2493 2848 λ.
2529 2796 2665 2846 eolla·

1723 2870 1792 2918 tis
1829 2869 2008 2920 verbis
2044 2885 2097 2932 p.
2136 2867 2258 2922 848.
2298 2872 2360 2920 E.
2400 2877 2451 2920 et
2479 2865 2587 2922 917
2608 2863 2665 2914 A·

1722 2937 1861 2988 Nam
1908 2940 2001 2988 isti
2036 2935 2192 3004 ἄλλην
2230 2941 2331 2990 hic
2378 2941 2525 2990 loeus
2578 2949 2665 2984 om-

1724 3085 1847 3127 sunt
1896 3079 2003 3128 loei
2052 3093 2086 3128 a
2120 3079 2235 3128 viro
2285 3082 2445 3130 docto
2484 3086 2668 3138 eompa-

1720 3149 1841 3208 rati,
1882 3147 1936 3196 in
1976 3148 2167 3211 quibus
2205 3157 2331 3213 post
2366 3146 2517 3211 ἄλλην
2542 3144 2666 3193 dein·

1720 3231 1840 3280 ceps
1888 3217 2059 3266 πᾶσαν
2106 3221 2343 3282 ponitur.
2416 3211 2665 3268 Schnei-

1722 3287 1918 3336 derus
1976 3293 2151 3336 autem
2214 3289 2361 3352 quod
2414 3302 2511 3368 pro
2564 3277 2670 3344 ὅλην

1719 3356 1999 3420 legendum
2046 3359 2277 3407 coniecit
2320 3352 2577 3417 μαινόλιν,
2621 3348 2696 3416 id-

1720 3433 1775 3474 et
1806 3425 1980 3489 ipsum
2025 3441 2134 3474 non
2170 3428 2332 3476 modo
2372 3435 2663 3490 supervaca-

1720 3509 1879 3544 neum
1912 3495 2007 3545 sed
2042 3496 2203 3545 etiam
2253 3496 2361 3546 loci
2397 3491 2668 3545 sententiae

1720 3566 1894 3616 minus
1964 3571 2378 3615 consentaneum
2462 3565 2667 3613 videtur.

1792 3629 1948 3684 κατά
1979 3649 2040 3684 τε
2068 3628 2231 3697 εύστρ
2248 3637 2439 3698 ayla?
2457 3661 2523 3672 -
2539 3623 2668 3692 πρά-

1657 3698 1662 3707 .
1718 3701 1785 3764 ξε
1802 3717 1832 3752 σ
1847 3720 1863 3752 1
1879 3702 1937 3769 v]
1959 3703 2134 3753 Locus
2155 3719 2413 3768 perquam
2437 3699 2669 3756 difficilis,

1719 3774 1811 3837 qui
1869 3787 2051 3823 rursus
2106 3774 2265 3822 habet
2320 3775 2499 3822 nescio
2556 3767 2668 3834 quid

1718 3843 1915 3892 eoloris
1934 3843 2146 3906 poetici.
2202 3841 2535 3906 Corrigenda
2553 3851 2667 3888 vero

1716 3919 1839 3963 ante
1880 3913 2063 3962 oinnia
2096 3912 2207 3960 fuit
2254 3926 2509 3977 perversa
2564 3921 2666 3955 ver·-

1716 3981 1904 4030 borum
1940 3982 2245 4044 distinctio,
2280 3997 2391 4044 qua
2426 3981 2667 4030 commate

1715 4059 1837 4115 post
1882 4047 2005 4100 κατὰ
2044 4048 2196 4114 τύχας
2238 4052 2391 4103 illato
2442 4045 2665 4100 consoci-

1716 4127 1874 4172 antur
1910 4121 2100 4170 verba.
2136 4117 2261 4170 κατά
2309 4137 2364 4168 τε
2398 4113 2667 4180 εὐπραγίας

1716 4218 1783 4228 —-
1820 4189 1901 4238 καὶ
1942 4185 2067 4255 naui
2114 4187 2281 4262 τύχας.
2358 4187 2516 4248 Quod
2562 4182 2667 4234 fieri

1716 4259 1862 4308 nullo
1902 4260 2060 4310 modo
2095 4267 2285 4323 potest.
2338 4259 2477 4310 Nam
2514 4269 2665 4319 oppo-

2760 1796 2767 1827 Α...
2762 1726 2767 1757 --
2758 1656 2766 1687 ιν
2756 1586 2767 1619 -ι
2757 1515 2767 1547 ’.1
2757 1446 2767 1477 .-
2756 1398 2759 1403 ·
2764 1376 2766 1391 -

1700 3010 1851 3058 -nino
1890 3024 2001 3058 non
2038 3016 2151 3070 est,
2190 3011 2455 3074 planeque
2498 2991 2666 3056 diversi
2762 3057 2764 3074 2
