2857 4738
852 311 993 378 DE
1039 309 1458 382 LEGIBUS
1502 323 1623 380 etc.
2052 315 2251 380 XLV

167 493 228 548 ut
275 481 480 546 initio
555 484 916 549 sermonis
975 500 1295 570 protenus
1339 485 1549 549 omnis
1596 484 1983 552 exhibeatur
2020 509 2250 588 perso·

167 591 382 634 narum
435 566 1250 657 descriptio‚·temporis
1293 571 1585 653 notatio,
1630 571 1924 638 locorum
1966 583 2249 660 pictura,

171 667 234 723 et
285 677 466 740 quae
539 667 724 720 sunt
785 654 860 720 id
903 678 1114 742 genus
1157 656 1321 739 alia,
1367 656 1582 742 iisque
1630 658 1951 743 expositis
1991 658 2251 724 demum

175 741 250 806 ad
297 741 765 806 dialecticam
825 765 1044 806 rerum
1089 741 1635 828 disceptationem
1675 752 2069 820 transeatur.
2104 789 2135 802 -·
2160 747 2254 810 At

177 851 281 894 uos
337 825 649 912 quidem
709 827 878 892 nihil
935 829 1005 893 in
1059 828 1204 894 istis
1246 827 1545 906 videmus
1563 867 1599 913 ,ι
1630 828 2253 926 quodlzaut'„perrse

179 916 412 980 habeat
481 913 1140 1000 reprehensionem‚‘
1181 922 1294 978 aut
1337 937 1376 977 a
1419 911 1716 980 Platonis
1761 918 1939 980 nini-e
1985 930 2053 980 et
2094 939 2253 981 con·

181 999 546 1066 suetudine
639 999 1016 1066 abhorreat·
1132 999 1302 1064 Nam
1375 999 1555 1084 quod
1626 1001 1855 1066 statim
1922 1002 2005 1067 ab
2064 1002 2252 1068 initio

377 1110 504 1152 am
569 1085 648 1150 in
717 1085 970 1151 medias
1014 1108 1154 1168 res,
1201 1084 1284 1150 de
1328 1086 1569 1169 quibus
1614 1085 2084 1174 disputandum
2126 1100 2250 1170 est,

209 1167 247 1192 '‘
335 1174 634 1239 u'cimur
701 1193 780 1235 ac
833 1181 1084 1238 tantum
1143 1195 1276 1236 non
1323 1173 1649 1258 rapimur,
1709 1173 2037 1240 simillima
2074 1184 2251 1240 certe

179 1255 343 1324 'ratio
393 1269 520 1324 est
567 1256 831 1323 exordii
885 1257 1196 1323 Menonis
1217 1305 1238 1340 ‚
1302 1255 1556 1346 Cratyli
1574 1307 1594 1339 ‚
1660 1257 2035 1346 Sophistae‚
2092 1260 2252 1326 Phi·

187 1347 333 1429 lehi,
379 1346 462 1410 in
517 1344 772 1430 quibus
815 1343 1004 1408 libris
1046 1341 1350 1410 omnibus
1396 1345 1711 1410 continuo
1772 1357 2089 1435 tanquam
2132 1348 2251 1412 im·

227 1433 394 1497 arati
476 1431 798 1496 iubemur
869 1428 1300 1515 disputationi
1371 1430 1691 1496 interesse
1710 1479 1728 1513 ,
1802 1429 1885 1496 de
1950 1433 2252 1516 personis

187 1457 441 1605 gialogi
523 1517 808 1600 eiusque
879 1514 1485 1602 opportunitatibus
1558 1515 1721 1581 nihil
1794 1514 1952 1582 dum
2012 1515 2248 1584 edocti.

191 1605 330 1670 Nec
392 1625 572 1668 vero
641 1602 710 1667 in
769 1601 1066 1690 Legibus
1133 1599 1439 1668 videmus
1499 1601 1660 1686 quid
1722 1625 1801 1668 ea
1850 1615 1958 1668 res
2021 1601 2253 1669 afferat

183 1689 569 1772 molestiae,
621 1685 1155 1772 quandoquidem
1197 1695 1517 1773 protenus
1574 1689 1843 1774 quinam
1896 1687 1963 1754 lo
2012 1699 2255 1756 uantur

185 1786 248 1842 et
305 1776 434 1841 ubi
505 1775 813 1839 locorum
871 1795 1086 1838 sermo
1142 1773 1557 1856 instituatur,
1614 1774 1717 1840 vel
1774 1775 1938 1862 ipsis
2003 1797 2251 1861 oquen-

185 1864 350 1928 tium
411 1859 812 1927 nominibus
871 1858 1240 1939 edocemur.
1343 1858 1553 1942 Quod
1604 1868 1824 1944 autem
1884 1863 2253 1929 accuratior

185 1970 642 2036 personarum
703 1946 997 2014 locorum
1059 1955 1258 2030 atque
1315 1953 1683 2030 temporum
1730 1945 2089 2034 descriptio
2131 1973 2250 2036 po-

188 2045 330 2100 stea
373 2033 660 2098 demum
708 2030 868 2096 data
889 2031 1004 2096 ‘rei
1048 2031 1543 2117 opportunitate
1582 2031 1968 2114 exhibetur,
2014 2033 2085 2100 id
2127 2057 2251 2100 nec

195 2143 308 2208 per
359 2143 440 2185 se
493 2119 806 2202 ineptum
847 2137 994 2182 esse
1036 2126 1258 2203 patet,
1317 2139 1441 2185 nec
1494 2115 1791 2184 Platonis
1832 2119 2073 2186 rationi
2114 2121 2251 2185 ullo

197 2205 392 2272 modo
453 2204 918 2270 adversarium
962 2214 1078 2267 aut
1130 2204 1547 2268 contrarium.
1649 2205 1824 2270 Nam
1870 2205 1987 2288 qui
2030 2205 2249 2270 Phile-

199 2293 406 2374 bum,
497 2288 894 2379 Cratylum,
961 2287 1505 2379 Euthyphronem
1526 2337 1545 2372 ‚
1616 2288 2011 2371 Menonem‚
2087 2291 2251 2356 alios

209 2378 418 2443 libros
437 2424 458 2459 ‚
515 2385 771 2442 attente
824 2376 1142 2463 legerint,
1209 2374 1256 2440 ii
1299 2375 1368 2439 in
1410 2374 1515 2440 his
1557 2396 1823 2459 quoque
1865 2374 2051 2441 libris
2096 2400 2252 2443 con-

213 2462 455 2529 cedent
513 2486 594 2529 ex
669 2462 873 2541 variis
948 2462 1112 2527 locis
1185 2460 1390 2526 veluti
1462 2459 1835 2547 colligenda
1898 2484 2049 2529 ‘esse
2120 2464 2252 2529 sin·

203 2549 398 2637 gula,
492 2570 670 2635 quae
739 2547 826 2613 ad
893 2570 1144 2613 morum
1224 2545 1747 2635 designationem
1820 2557 2021 2633 atque
2087 2550 2251 2614 alias

201 2634 455 2701 scenici
513 2643 792 2701 ornatus
850 2644 1070 2722 partes
1127 2633 1517 2699 referuntur.
1624 2632 1761 2699 Sed
1812 2646 2078 2785 grueter
2140 2658 2250 2699 ex·

207 2722 465 2787 ordinm
538 2721 860 2787 sermonis
935 2728 1092 2785 sunt
1161 2720 1356 2785 etiam
1431 2719 1559 2784 alia
1640 2742 1807 2805 quae
1860 2745 1961 2790 am
1980 2770 2001 2805 ‚
2082 2743 2251 2806 quae

207 2808 577 2894 generatim
637 2816 794 2874 sunt
849 2808 1241 2893 vituperata,
1287 2829 1489 2891 quum
1546 2816 1761 2873 tamen
1824 2812 2048 2879 nostra
2104 2830 2251 2873 sen·

207 2895 418 2959 tentia
541 2903 789 2959 aratam
858 2893 1147 2959 habeant
1227 2891 1483 2957 facilem
1571 2891 1678 2957 vel
1766 2894 2252 2961 excusationem

206 2980 309 3045 vel
380 2979 472 3047 de
507 2984 861 3054 ensionem.
969 2978 1143 3044 Nam
1201 2977 1533 3065 dialogum
1590 2976 1894 3043 dictitant
1961 2980 2254 3067 graviter

209 3065 519 3133 laborare
579 3065 862 3131 molesta
921 3062 1310 3131 difficultate
1351 3072 1549 3149 atque
1594 3062 1932 3142 tarditate3
1974 3063 2253 3129 subinde

209 3174 526 3239 asperum
570 3172 718 3217 esse
763 3161 834 3216 et
874 3149 1194 3227 hiulcum3
1241 3172 1372 3215 non
1400 3172 1549 3215 raro
1578 3149 1787 3249 premi
1814 3149 2251 3229 obscuritate;

211 3247 276 3303 et
330 3260 512 3324 quae
571 3246 730 3303 sunt
783 3235 855 3301 id
914 3258 1123 3324 genus
1167 3234 1312 3302 alia.
1414 3234 1741 3302 Nimirum
1782 3235 2062 3320 primum
2108 3236 2253 3320 qui·-

211 3322 361 3389 dem
419 3322 511 3388 de
567 3324 815 3389 talibus
873 3322 1074 3388 rebus
1130 3321 1396 3387 omnino
1440 3319 1712 3385 difficile
1758 3329 1863 3385 est
1910 3319 2249 3404 iudicium,

212 3410 528 3495 quoniam
587 3430 705 3475 eae
765 3402 1066 3496 magna'm
1121 3415 1374 3493 partem
1431 3406 1576 3473 solo
1634 3405 1995 3493 elegantiae
2054 3430 2252 3475 sensu

215 3494 664 3574 continentur.
750 3492 1008 3561 Deinde
1063 3514 1461 3581 magnopere
1502 3512 1835 3574 veremur,
1896 3514 1981 3559 ne
2022 3494 2251 3577 multa,

181 3650 190 3655 ,
219 3602 386 3666 quae
427 3581 566 3647 huc
605 3578 814 3645 ¹relata
860 3588 1048 3661 sunt,
1096 3588 1445 3667 propterea
1486 3578 1623 3643 sint
1662 3577 1729 3642 in
1778 3577 2251 3647 dubitationem

219 3664 544 3748 adducta,
606 3664 786 3751 quod
840 3666 1103 3732 omnino
1144 3664 1435 3729 universi
1478 3662 1721 3767 dialogi
1760 3665 1929 3731 ratio
1974 3688 2107 3733 non
2140 3688 2252 3731 us·

219 3774 613 3840 quequaque
678 3752 1124 3839 pervestigata
1177 3759 1376 3835 atque
1432 3750 1773 3835 explorata
1814 3750 1959 3817 fuit.
2050 3749 2254 3835 Quod

220 3860 348 3923 quo
393 3841 540 3905 iure
599 3838 694 3903 ita
735 3846 1120 3919 statuamuS,
1164 3845 1318 3924 post
1362 3858 1463 3919 ea,
1509 3857 1677 3920 quae
1722 3835 1803 3901 de
1846 3837 1969 3903 hac
2011 3859 2082 3902 re
2122 3836 2252 3903 iam

220 3947 416 4012 supra
475 3933 636 3991 sunt
677 3923 1016 4009 exposita,
1075 3946 1208 3989 non
1253 3944 1420 4009 opus
1466 3942 1612 3988 esse
1654 3930 1961 4006 putamus
2006 3931 2083 3990 ut
2124 3921 2252 3990 hoc

220 4008 360 4078 loco
429 4009 754 4099 peculiari
813 4032 854 4075 o
903 4030 1015 4074 era
1069 4008 1519 4094 disputemus,
1590 4008 1977 4095 praesertim
2050 4029 2251 4092 quum

217 4099 410 4164 etiam
468 4118 630 4164 mox
687 4118 796 4162 res
887 4116 1058 4162 enuo
1101 4092 1483 4182 attingenda
1524 4094 1631 4159 sit.
1721 4094 1889 4159 Tum
1933 4092 2043 4159 hio
2088 4116 2253 4181 quo-

215 4206 335 4270 que
380 4184 648 4253 iuvabit
687 4180 1085 4265 meminisse,
1133 4179 1296 4247 vitia
1319 4178 1674 4271 eiusmodi2
1712 4178 1769 4242 si
1800 4198 1971 4261 quae
1996 4188 2251 4265 extant,
