2857 4738
691 315 924 382 Lvm
1211 293 1216 300 '
1345 313 2077 382 PROLEGOMENA

691 487 846 552 dere
917 495 985 550 et
1059 485 1320 572 legibus
1397 476 1637 550 ornare
1703 492 2079 563 conaretur3
2152 482 2360 568 idque
2434 485 2724 572 profecto

689 580 876 638 tanto
918 573 1164 638 rectius
1207 571 1447 636 fecisse
1494 571 1777 653 videtur,
1824 567 2003 654 quod
2059 570 2203 656 ipse
2266 592 2535 657 quoque
2586 573 2724 638 uni·

690 659 865 724 versi
927 658 1144 743 operis
1207 656 1554 722 consilium
1616 665 1685 720 et
1734 657 2057 721 rationem
2100 654 2187 720 ad
2230 655 2448 740 ipsam
2494 681 2724 742 aequa·-

688 744 848 810 lium
919 765 1185 810 suorum
1253 743 1456 807 vitam
1514 752 1583 806 et
1650 740 2093 808 conditionem
2164 741 2426 808 civilem
2488 744 2721 809 retulit.

688 831 915 914 Atque
974 829 1144 894 hanc
1201 829 1222 892 i
1273 851 1412 892 sam
1466 828 1551 894 ob
1611 849 1913 893 caussam
1956 843 2149 892 antea
2195 827 2481 894 vidimus
2526 830 2607 894 ab
2650 853 2750 915 eo‘

692 916 887 981 'etiam
958 937 1150 980 senes
1226 852 1579 998 {oquentes
1656 913 1963 978 inductos
2022 933 2186 978 esse.
2290 915 2444 979 Hoc
2520 925 2726 980 autem

738 1024 893 1067 uum
949 1001 1046 1066 ita
1099 1001 1318 1066 facere
1364 998 1651 1066 animum
1696 999 2107 1081 induxisset,
2154 1021 2313 1064 num
2407 1002 2724 1067 utabimus

744 1086 839 1152 eri
906 1087 1043 1151 ullo
1109 1085 1306 1152 modo
1365 1085 1707 1171 potuisse,
1762 1095 1838 1150 ut
1882 1105 1995 1150 eos
2038 1084 2326 1170 fingeret
2399 1086 2593 1172 epide
2637 1088 2723 1151 io-

693 1182 944 1256 cantes,
990 1173 1226 1237 festive
1258 1169 1589 1252 ludente3‚
1639 1170 1937 1236 hilariter
1978 1170 2401 1254 altercantes,
2452 1172 2723 1257 denique

693 1257 787 1322 rei
845 1279 1111 1324 severae
1157 1267 1354 1341 atque
1397 1256 1654 1344 gravis,
1704 1255 1785 1342 de
1830 1279 1963 1341 qua
2007 1253 2469 1341 disputarent,
2514 1259 2723 1324 imme-

691 1366 906 1410 mores
962 1353 1077 1408 aut
1135 1341 1554 1408 incuriosos?
1641 1342 1965 1408 Nimirum
2010 1342 2177 1408 istos
2226 1342 2496 1427 quidem
2546 1342 2721 1409 dece·
2777 1399 2778 1404 ,

691 1429 806 1494 bat
850 1429 1070 1521 potius
1111 1429 1334 1517 gravis
1379 1451 1457 1494 ac
1484 1450 1717 1494 severa
1760 1427 1863 1494 dis
1914 1429 2147 1510 utati0,
2196 1429 2413 1513 qualis
2456 1429 2591 1494 fere
2633 1439 2723 1495 est

692 1537 861 1602 quae
931 1515 1012 1582 iis
1083 1537 1312 1580 revera
1387 1515 1715 1579 tribuitur.
1830 1452 2275 1598 &namquam-
2324 1513 2518 1581 Plato
2592 1537 2721 1580 eam

693 1623 819 1666 nec
857 1601 1084 1688 lepore
1127 1609 1194 1665 et
1234 1601 1614 1666 urbanitate
1658 1600 1925 1666 omnino
1968 1621 2206 1664 vacare
2254 1601 2499 1678 voluit.⁴
2573 1599 2721 1666 Elu-

599 1699 607 1714 '
691 1694 801 1752 cet
855 1687 1029 1752 enim
1087 1706 1559 1772 saepenumero
1620 1686 1689 1750 in
1743 1709 1975 1751 senum
2032 1687 2451 1752 sermonibus
2512 1686 2719 1752 senilis

697 1771 963 1857 quidam
1018 1772 1208 1858 lepor
1259 1794 1342 1837 ac
1387 1771 1754 1854 festivitas,
1798 1770 2339 1856 quandoquidem
2403 1771 2716 1838 interdum

692 1859 984 1924 suaviter
1025 1858 1324 1924 iocantur
1367 1867 1437 1922 et
1478 1856 1711 1924 facetis
1772 1858 2049 1923 utuntur
2085 1858 2439 1924 verborum
2482 1857 2719 1924 lusibus

694 1944 1039 2029 acutisque
1099 1941 1426 2027 dicteriiS,
1490 1945 1711 2028 qualia
1766 1942 2035 2028 quidem
2091 1943 2161 2006 in
2241 1967 2435 2011 senes
2494 1965 2715 2009 conve-

695 2029 905 2096 niunt.
990 2028 1177 2114 Quin
1225 2030 1420 2096 etiam
1465 2039 1606 2095 tota
1647 2030 1798 2113 ista,
1842 2053 2038 2118 quam
2086 2029 2381 2180 αὲἰιειηῐ,
2430 2029 2715 2114 quaestio

693 2139 828 2181 non
885 2115 1148 2198 inficete
1209 2116 1290 2181 ab
1335 2116 1502 2202 ipsis
1548 2118 1771 2182 suavis
1816 2125 1881 2180 et
1924 2117 2122 2181 iueun
2174 2139 2255 2182 us
2298 2116 2483 2182 lusus
2524 2115 2716 2180 nomi-

693 2211 924 2284 natur,
988 2200 1194 2268 veluti
1237 2201 1421 2270 Libr.
1482 2202 1537 2267 I.
1581 2227 1648 2290 p.
1696 2203 1841 2268 636.
1888 2199 1966 2266 C.
2012 2200 2143 2267 III.
2188 2226 2253 2289 p.
2308 2203 2449 2268 685.
2492 2201 2573 2266 A.
2615 2198 2715 2264 ubi

601 2315 608 2320 ·
693 2286 938 2354 dicitur
1001 2285 1236 2354 παιδιὰ
1292 2285 1697 2373 πρεσβυτικὴ
1762 2285 2090 2378 σώφρων,
2153 2297 2221 2352 et
2266 2288 2451 2354 Libr.
2501 2285 2615 2352 VI.
2656 2307 2712 2369 p.

696 2377 842 2441 769.
888 2374 970 2439 A.
1020 2396 1153 2459 quo
1209 2373 1357 2441 loco
1400 2384 1676 2440 vocatur
1722 2376 2103 2455 πρεσβυτῶν
2152 2378 2432 2459 ἔμφρων
2477 2371 2713 2451 παιδιά,

695 2461 844 2527 coll.
891 2459 1021 2527 111.
1069 2486 1132 2547 p.
1181 2462 1324 2529 688.
1367 2460 1447 2524 Β.
1496 2463 1642 2527 690.
1689 2461 1777 2546 Ι).
1820 2460 1911 2525 X.
1958 2484 2022 2560 p.
2056 2460 2197 2525 885.
2244 2458 2321 2527 C.
2410 2456 2713 2525 Nimirum

693 2568 800 2613 res
840 2543 1008 2610 adeo
1074 2546 1293 2633 gravis
1351 2568 1430 2611 ac
1488 2568 1749 2627 severa,
1798 2545 2013 2629 qualis
2056 2544 2224 2611 haec
2275 2556 2411 2628 est,
2473 2544 2552 2609 de
2594 2564 2713 2626 qua

695 2630 1117 2715 disquiritur,
1181 2631 1346 2715 ipsis
1391 2653 1619 2695 verum
1662 2630 1855 2695 affert
1910 2630 2385 2717 limpidnmque
2422 2628 2712 2717 gaudium

695 2739 774 2783 ac
805 2716 1308 2783 sincerissimam
1339 2716 1768 2803 voluptatem,
1794 2726 1870 2782 ut
1900 2713 2068 2781 adeo
2094 2717 2235 2783 eius
2273 2717 2577 2783 tractatio
2604 2734 2712 2800 pro

693 2803 844 2869 lusu
899 2800 1204 2869 habenda
1260 2801 1583 2882 videatur.
1687 2802 1888 2885 Quod
1934 2802 2121 2867 aliter
2164 2804 2309 2869 acci
2360 2804 2499 2867 iens
2542 2796 2712 2865 Zel-

695 2890 926 2955 lerus
965 2889 1006 2958 l.
1051 2911 1107 2955 c.
1155 2912 1220 2973 p.
1256 2890 1356 2955 73.
1385 2889 1609 2955 nescio
1656 2887 1813 2973 quid
1865 2886 2153 2953 affectati
2194 2889 2264 2953 in
2312 2829 2437 2953 Bac
2480 2885 2712 2981 ratione

693 2976 912 3041 inesse
994 2975 1397 3041 criminatur.
1523 2973 1831 3059 Ceterum
1913 2974 2107 3039 etiam
2152 2974 2349 3041 valde
2392 2975 2707 3046 erraverit,

693 3062 752 3129 si
795 3061 942 3147 quis
987 3061 1348 3144 existimet,
1413 3084 1737 3146 nusquam
1793 3060 1946 3126 alibi
2010 3058 2187 3144 apud
2248 3061 2584 3125 Platonem
2624 3055 2720 3117 ita

693 3147 882 3231 fieri,
940 3158 1016 3213 ut
1075 3147 1286 3213 oratio
1357 3146 1629 3213 similem
1694 3147 2149 3228 severitatem,
2212 3147 2592 3231 gravitatem
2648 3147 2707 3200 et

693 3234 1135 3299 austeritatem
1192 3256 1348 3320 prae
1422 3256 1494 3297 se
1552 3234 1741 3299 ferat.
1830 3232 2004 3298 Nam
2064 3232 2387 3317 reperitur
2430 3230 2535 3294 hic
2576 3237 2705 3323 tagi-

694 3342 888 3420 quam
979 3320 1160 3387 color
1231 3318 1697 3405 disputationis
1770 3318 2067 3405 profecto
2136 3318 2346 3405 ‘etiam
2398 3316 2491 3379 ,in
2576 3310 2707 3374 alus

691 3404 912 3487 libris,
966 3406 1188 3471 sicubi
1257 3428 1363 3471 res
1440 3427 1519 3469 ac
1590 3405 1955 3471 sententiae
2012 3414 2161 3467 eum
2224 3406 2391 3468 terre
2448 3408 2561 3464 aut
2600 3415 2705 3479 po·

692 3489 937 3557 stulare
1020 3490 1388 3557 videantur.
1498 3490 1715 3573 Quam
1773 3489 1841 3555 in
1900 3512 2037 3555 rem
2094 3489 2257 3555 satis
2330 3487 2455 3553 erit
2518 3489 2705 3577 testes

693 3596 1086 3641 memorasse
1129 3576 1510 3659 Philebum,
1559 3574 2048 3655 Parmenidem‚
2117 3572 2525 3641 Alcibiadem
2584 3584 2703 3651 pr!-

691 3682 910 3743 mum‚
975 3661 1335 3728 Timaeum.
1446 3662 1695 3729 Verum
1758 3662 1918 3727 satis
1965 3660 2131 3745 haec
2161 3674 2165 3680 ’
2190 3669 2383 3725 sunto
2444 3656 2534 3754 de.
2582 3670 2702 3717 ser·

691 3768 958 3828 monum
1004 3746 1326 3833 gravitate
1371 3758 1571 3833 atque
1633 3748 2041 3832 austeritate,
2089 3768 2283 3831 quam
2330 3742 2539 3810 critici
2580 3756 2702 3801 mo·-

690 3832 858 3899 leste
900 3832 1214 3898 tulerunt.
2685 3898 2696 3911 ,

800 3961 803 3963 -
863 3915 1309 3986 coniunctum
1353 3939 1511 3983 vero
1555 3940 1704 3984 cum
1744 3918 1848 3986 his
1891 3918 2054 3985 illud
2098 3929 2223 4003 est,
2272 3912 2445 4002 quod
2487 3920 2700 4000 nuperi

693 4004 902 4071 critici
929 4004 1557 4086 animadverterunt,
1606 4004 1798 4070 etiam
1831 4026 2092 4072 sensum
2139 4001 2461 4090 quendam
2492 3988 2700 4093 insoli-

636 4113 645 4121 ·
691 4100 800 4159 tae
877 4090 1097 4157 ietatis
1123 4090 1473 4178 religiosae
1516 4113 1631 4177 per
1675 4090 1797 4157 hos
1840 4112 2175 4160 sermones
2208 4086 2513 4156 diffusum
2546 4093 2700 4146 esse,

693 4199 826 4261 qua
849 4198 952 4242 em
1007 4178 1076 4243 in
1137 4176 1282 4243 aliis
1343 4177 1639 4245 Platonis
1701 4177 1969 4264 scriptis
2040 4178 2150 4241 vix
2206 4170 2507 4257 reperias.
2607 4157 2701 4221 De
