2857 4738
560 327 939 394 LXXXVI
1228 324 1950 392 PROLEGOMENA

552 498 635 562 ad
654 495 1237 563 consumationem
1263 497 1736 562 sententiarum
1755 506 1949 579 atque
1976 489 2398 579 periodorum
2423 513 2606 556 com-

556 583 967 667 positionem.
1008 581 1224 664 Quam
1241 583 1513 667 ‘quidem
1535 580 2041 664 haudquaquam
2064 599 2279 643 errare
2301 576 2608 641 videmur

552 669 607 732 si
643 669 799 733 item
848 667 1125 734 maxime
1158 691 1235 732 ex
1284 667 1589 732 universo
1620 664 1882 730 dicendi
1916 685 2158 750 genere
2186 664 2254 726 in
2281 661 2606 746 hislibris

556 764 875 838 usurpato
922 755 1165 819 rectius
1214 755 1565 836 veriusque
1595 751 1930 816 aestimari
1955 772 2152 836 posse
2185 748 2602 812 arbitramur.

558 839 679 903 Est
705 850 925 905 autem
956 837 1068 902 illa
1100 840 1164 902 in
1200 837 1280 901 iis
1312 836 1630 902 sermonis
1659 837 1980 920 partibus,
2008 836 2075 898 in
2106 834 2345 920 quibus
2371 832 2604 918 dispu-

553 935 734 988 tatur
778 924 1124 1004 subtiliuS,
1172 923 1369 1006 longe
1412 922 1604 986 aliter
1647 931 2030 1006 comparata
2073 942 2267 1004 quam
2311 919 2380 982 in
2424 918 2602 999 aliis,

555 1011 624 1072 in
686 1009 927 1096 quibus
988 1009 1202 1072 oratio
1264 1007 1493 1092 paullo
1553 1008 1842 1092 assurgit
1906 1006 2120 1070 altius.
2227 1005 2400 1068 Nam
2463 1003 2604 1068 illic

553 1095 691 1158 fere
736 1093 1097 1179 simplicior
1122 1101 1224 1156 est
1252 1101 1583 1158 structura
1627 1092 2111 1165 enuntiatorum
2141 1109 2356 1174 neque
2399 1089 2606 1154 habet

553 1177 913 1262 quidquam
968 1179 1306 1258 inusitati,
1372 1187 1831 1264 praeterquam
1892 1175 2072 1260 quod
2129 1195 2604 1261 saepenumero

555 1263 809 1348 aliquid
854 1264 1299 1350 negligentiae
1345 1263 1581 1339 refert3
1631 1285 1798 1346 quae
1844 1262 2056 1346 qualis
2086 1261 2193 1341 sit,
2245 1257 2606 1344 postmodo

554 1348 1014 1414 declarabitur.
1120 1346 1256 1414 Sed
1328 1349 1440 1412 ubi
1511 1348 1728 1413 locum
1786 1349 1986 1412 habet
2059 1367 2268 1432 genus
2337 1343 2622 1410 dicendi·

553 1435 863 1519 amplum,
909 1434 1279 1521 copiosum,
1326 1456 1550 1519 grave,
1599 1442 1924 1516 ornatum,
1972 1432 2065 1496 ibi
2097 1453 2252 1495 vero
2283 1440 2602 1518 protenus

556 1520 777 1586 omnia
820 1520 991 1584 fiunt
1034 1520 1531 1595 artificiosiora3
1579 1517 1687 1582 hic
1733 1519 1902 1582 enim
1949 1517 2300 1602 ampliores
2341 1513 2610 1600 periodi

554 1615 684 1668 tam
743 1604 1075 1690 simplices
1132 1625 1324 1688 quam
1387 1605 1791 1688 compositae
1853 1603 2250 1680 crebriores3
2313 1601 2608 1666 membra

560 1687 877 1754 orationis
930 1690 1371 1774 protensiora3
1419 1689 1769 1753 verborum
1813 1688 2255 1752 connexiones
2301 1695 2368 1750 et
2411 1688 2607 1772 quasi

558 1773 1097 1859 complicationes
1158 1774 1664 1858 exquisitiores,
1725 1783 1802 1838 ut
1845 1774 2041 1838 ctiam
2085 1772 2339 1837 numeri
2395 1772 2608 1836 inter-

554 1858 710 1922 dum
765 1859 986 1923 nescio
1058 1859 1222 1941 quid
1282 1859 1526 1943 poetici
1584 1871 1856 1935 sonent3
1927 1868 2260 1924 structura
2319 1865 2388 1921 et
2442 1879 2606 1924 con-

553 1943 805 2008 iunctio
866 1944 1211 2008 verborum
1280 1965 1490 2029 saepe·
1539 1944 1768 2008 mirum
1832 1945 1900 2008 in
1961 1942 2226 2008 modum
2285 1943 2492 2008 libera
2535 1954 2610 2008 et

554 2028 899 2114 perplexa3
945 2049 1105 2093 usus
1151 2028 1434 2113 denique
1473 2031 1900 2095 oratoriarum
1931 2029 2290 2115 figurarum
2313 2028 2486 2092 mira
2530 2027 2606 2092 li>—

557 2115 812 2178 bertate
854 2115 1330 2202 frequentatus.
1422 2114 1722 2196 Quorum
1755 2114 2021 2198 quidem
2049 2115 2336 2180 omnium
2381 2135 2608 2178 exem·-

555 2199 669 2284 pla
746 2198 1011 2280 afferre,
1090 2223 1220 2284 quo
1297 2200 1554 2265 facilius
1627 2200 1789 2284 quid
1849 2202 1944 2264 rei
2023 2200 2109 2264 sit
2169 2199 2376 2264 intelli
2428 2209 2606 2280 atur,

556 2307 760 2371 prope
818 2284 1144 2350 infinitum
1226 2295 1330 2350 est
1388 2307 1508 2350 nec
1551 2291 1724 2350 'vero
1783 2286 2246 2350 necessarium.
2411 2293 2623 2349 xtant-

556 2372 725 2435 enim
787 2372 921 2435 fere
978 2371 1481 2437 innumerabilia
1539 2382 1821 2455 suntque
1883 2395 1961 2436 ea
2007 2372 2202 2435 etiam
2247 2371 2352 2436 vel
2397 2372 2462 2435 in
2499 2372 2606 2434 in-

557 2455 816 2533 dicibus
862 2459 1103 2522 nostris
1152 2458 1352 2521 variis
1396 2458 1562 2522 locis
1587 2459 2001 2543 consignata.
2094 2456 2340 2520 Valent
2383 2466 2606 2521 autem

558 2542 685 2607 ista
712 2541 929 2605 omnia
974 2542 1273 2627 profecto
1312 2541 1684 2629 plurimum
1731 2544 1833 2606 vel
1875 2542 1959 2607 ad
1991 2541 2358 2628 augendam
2387 2541 2608 2605 dicto-

561 2646 698 2688 rum
745 2625 874 2687 vim
922 2635 989 2689 et
1033 2626 1446 2709 gravitatem,
1477 2627 1581 2691 vel
1627 2626 1711 2691 ad
1757 2629 1886 2692 vim
1931 2626 2352 2693 sublimitatis
2398 2636 2608 2711 atque
2659 2664 2665 2669 ·

556 2710 901 2789 gravitatis
974 2709 1411 2775 adiuvandam
1487 2712 2038 2799 efficiendamque
2097 2712 2606 2778 sensibilior-em.

560 2794 663 2859 Ex
718 2804 849 2877 quo
902 2796 1199 2880 profecto
1266 2796 1546 2883 intelligi
1609 2797 1842 2880 debet,
1905 2822 2100 2883 quam
2143 2798 2480 2884 eleganter
2523 2821 2610 2863 ac

560 2890 832 2943 venuste
888 2881 1171 2965 scriptor
1214 2881 1408 2945 etiam
1454 2882 1519 2946 in
1566 2884 2036 2948 sententiarum
2081 2883 2610 2948 conformatione

560 2962 1111 3049 periodorumque
1188 2975 1524 3031 structura
1593 2978 1890 3032 versatus
1969 2969 2071 3034 sit.
2160 2968 2440 3033 ·Verum
2516 2968 2608 3033 ad
2665 3026 2684 3031 -

556 3048 720 3115 haec
778 3050 1036 3116 accedit
1092 3053 1288 3123 etiam
1354 3052 1533 3116 aliud
1580 3052 1772 3137 quid,
1853 3052 2034 3137 quod
2098 3076 2246 3117 cum
2313 3063 2608 3139 utraque

557 3136 844 3216 ratione,
894 3159 1089 3220 quam
1164 3136 1668 3225 descripsimus,
1757 3138 1888 3201 fere
1963 3140 2387 3203 coniunctum
2479 3150 2604 3204 est.

563 3220 823 3305 Regnat
872 3223 1043 3285 enim
1102 3244 1220 3306 per
1277 3246 1533 3286 omnem
1577 3223 1906 3286 variorum
1953 3244 2324 3288 sermonum
2367 3223 2608 3289 decur-

560 3327 705 3367 sum
765 3306 977 3368 etiam*
1036 3305 1357 3390 quaedam
1422 3308 1746 3373 orationis
1807 3308 2243 3395 negligentia,
2319 3331 2450 3392 qua
2505 3309 2606 3374 ita

551 3390 659 3469 fit,
708 3402 783 3451 ut
825 3411 1021 3474 saepe
1066 3401 1505 3456 commutetur
1547 3401 1915 3457 structurae
1961 3395 2162 3475 ratio,
2211 3412 2286 3456 ut
2325 3393 2456 3458 alia
2499 3416 2604 3458 re-

560 3470 893 3569 dundent,
955 3475 1084 3539 alia
1148 3476 1379 3542 deesse
1424 3475 1811 3558 videantur,
1877 3477 2006 3541 alia
2062 3480 2234 3542 inter
2277 3478 2422 3562 ipsa
2465 3502 2604 3544 non

559 3566 717 3621 satls
790 3559 1267 3643 respondeant,
1341 3561 1468 3625 alia
1525 3562 1622 3626 sic
1676 3562 2152 3645 enuntientur,
2193 3572 2269 3627 ut
2324 3564 2407 3628 ab
2467 3586 2606 3645 uno

514 3662 839 3725 ‘genere,
890 3642 1122 3723 modo,
1181 3644 1416 3730 gradu,
1465 3668 1772 3729 numero,
1817 3670 1978 3713 casu
2037 3659 2104 3712 et
2161 3659 2452 3733 tempore
2513 3648 2605 3713 ad

564 3723 743 3823 aliud
794 3728 1251 3824 transiliatur,
1313 3738 1387 3793 ut
1449 3729 1736 3815 denique
1805 3732 1989 3819 larga
2060 3732 2600 3821 hyperbatorum,

558 3819 1035 3893 traiectlonutu,
1082 3816 1690 3900 commutationum,
1737 3818 2450 3901 inconsequentiarum,
2497 3820 2602 3885 vis
2641 3844 2648 3852 ·

558 3905 758 3979 atque
818 3896 1008 3981 copia
1066 3898 1279 3962 locum
1325 3898 1622 3979 habeat·
1675 3900 1876 3982 Quod
1922 3901 2186 3986 quidem
2232 3903 2346 3985 qui
2388 3905 2600 3968 conti—

560 4002 693 4045 nuo
754 3981 1315 4067 reprehenderunt
1370 3984 1472 4047 vel
1537 3994 1608 4049 ut
1668 3986 1880 4052 minus
1943 3987 2354 4052 Platonicum
2412 3998 2600 4053 nota-

562 4074 735 4145 runt,
791 4067 834 4129 ii
888 4066 1200 4133 iudicium
1260 4091 1454 4134 suum
1497 4070 1730 4156 utique
1772 4072 2327 4139 inconsideratius
2373 4074 2600 4156 paullo

562 4152 1097 4235 praecipitavisse
1168 4155 1584 4221 existimandi
1673 4169 1847 4222 sunt.
1967 4156 2352 4241 Exegerunt
2427 4161 2599 4223 enim
