2857 4738
439 269 448 281 “
539 259 774 326 XXIV
1181 205 1845 328 PROLEGOMEN
1854 265 1915 325 A

540 429 662 494 bus
706 429 929 510 fidem,
980 451 1264 494 amorem
1309 428 1717 514 parentibus,
1764 430 1987 494 liberis
2031 430 2345 515 pietatem
2392 431 2581 496 resti·

537 516 686 580 tuit.
791 513 1124 594 Quocirca
1185 515 1381 581 etiarn
1441 513 1523 578 de
1582 515 1869 580 servitiis
1930 514 2147 598 deque
2203 515 2383 581 victu
2422 538 2580 580 con-

537 601 762 682 iugum
818 599 1266 686 imprimisque
1321 599 1667 672 mulierum
1726 599 2129 684 explicatur,
2190 610 2257 664 et
2314 599 2581 684 quidem

537 683 928 768 interposita
972 707 1036 768 p.
1084 686 1227 750 779.
1278 685 1363 749 D.
1398 721 1481 733 --
1514 685 1659 748 782.
1717 685 2087 770 copiosiore
2133 680 2581 771 disputatione

538 767 620 832 de
665 769 908 854 triplici
953 777 1228 833 naturae
1254 769 1577 833 humanae
1623 767 2013 855 indigentia,
2061 769 2213 853 cibi,
2260 780 2458 856 potus
2504 793 2583 836 ac
2681 851 2693 858 p

537 854 838 936 veneris,
902 853 1077 918 unde
1142 875 1224 918 ne
1295 855 1634 940 graviores
1712 853 1979 937 ‘quidam
2038 865 2311 922 naturae
2370 854 2583 920 morbi

539 939 860 1020 existant,
921 939 1066 1024 lege
1112 936 1481 1003 cavendum
1542 960 1687 1003 esse
1736 937 2007 1022 dicitur,
2073 939 2273 1024 idque
2318 941 2583 1026 appari-

535 1031 757 1089 turum
801 1043 947 1088 esse
993 1023 1214 1088 etiam‘
1237 1045 1320 1088 ex
1363 1023 1815 1089 conviviorum
1857 1024 2269 1110 publicorum
2314 1035 2381 1090 et
2420 1025 2584 1090 viris

461 1119 470 1124 '
539 1117 606 1172 et
649 1107 1031 1172 mulieribus
1075 1109 1517 1174 communium
1576 1108 1829 1173 caussis
1875 1119 1939 1174 et
1980 1110 2370 1176 rationibus.
2458 1109 2583 1174 Ni-

537 1193 774 1257 mirum
816 1193 1264 1274 respiciuntur
1307 1195 1437 1257 iam
1481 1188 1588 1257 hic
1631 1192 1765 1276 illa,
1814 1215 1993 1276 quae·
2042 1204 2272 1280 postea
2318 1194 2585 1260 demum

536 1277 724 1343 Libr.
771 1277 972 1343 VIII.
1016 1301 1082 1362 p.
1136 1280 1282 1345 835.
1328 1277 1405 1343 C.
1439 1297 1585 1361 sqq.
1632 1277 1717 1342 de
1761 1278 1863 1342 hi·
1896 1280 2093 1345 rebus
2124 1280 2582 1364 exquiruntur,

536 1375 612 1428 ut
669 1364 855 1449 quasi
919 1363 1188 1428 liberior
1248 1361 1571 1448 quaedam
1630 1365 1949 1430 sermonis
1992 1363 2318 1452 digressio
2362 1364 2585 1429 locum

429 1478 435 1485 ¹
537 1446 813 1529 habeat,
879 1449 1075 1534 quam
1122 1452 1318 1513 etiam
1374 1448 1520 1534 ipse
1564 1446 2002 1536 philosophus
2048 1459 2421 1514 excusatam
2464 1471 2583 1513 cu-

537 1534 655 1619 pit.
744 1533 886 1596 Iam
931 1556 1088 1600 vero
1142 1533 1244 1600 his
1289 1534 1610 1619 peroratis
1666 1533 1897 1599 libro
1944 1536 2312 1620 septimo
2351 1556 2585 1600 recens

537 1617 673 1682 nati
731 1626 1008 1702 tanqum
1065 1619 1147 1682 ab
1204 1619 1619 1684 incunabulis
1666 1621 2116 1706 suscipiuntur
2172 1629 2371 1704 atque
2417 1618 2585 1684 edu-

537 1711 794 1768 cantur.
886 1701 1331 1783 Quamobrem
1386 1704 1495 1768 hic
1551 1714 2089 1770 consummantur
2145 1706 2333 1789 quasi
2410 1727 2587 1788 quae

535 1788 702 1854 libro
757 1787 1050 1854 secundo
1111 1787 1193 1853 de
1252 1789 1356 1854 his
1415 1789 1611 1854 rebus
1670 1791 1975 1888 exposita
2034 1800 2210 1856 sunt.
2312 1789 2589 1876 Quippe

536 1873 644 1937 hic
691 1881 836 1937 tota
877 1872 1161 1940 hominis
1206 1876 1342 1939 vita
1392 1873 1805 1939 educationis
1850 1885 1918 1939 et
1944 1876 2372 1940 institutionis
2417 1897 2589 1940 cura

536 1958 1160 2044 comprehenditur3,
1203 1960 1396 2024 aliam
1457 1970 1675 2024 autem
1720 1960 2036 2026 rationem
2081 1960 2364 2026 vidimus
2408 1960 2587 2026 obti—

535 2065 694 2108 nere
750 2042 920 2108 libro
977 2041 1308 2117 secundo..
1369 2046 1485 2110 ubi
1544 2045 1762 2130 praeci
1813 2068 1894 2109 ue
1953 2044 2037 2110 de
2103 2046 2587 2131 temperantiae

538 2126 938 2193 exercendae
999 2129 1218 2213 agitur
1274 2128 1645 2216 disciplina.
1743 2069 1928 2216 Ergo
1986 2131 2055 2196 in
2114 2127 2217 2195 his
2277 2127 2583 2196 videmus
2630 2208 2637 2214 Ι

535 2212 899 2278 orationem
945 2237 985 2277 a
1028 2214 1419 2280 familiarum
1464 2225 1667 2299 atque
1710 2215 2005 2304 gentium
2050 2215 2413 2280 rationibus
2460 2213 2584 2280 de-

537 2297 846 2364 finiendis
907 2299 1215 2386 progredi
1274 2299 1357 2364 ad
1418 2301 1875 2367 educationem
1920 2310 2119 2386 atque
2164 2300 2583 2387 disciplinam

533 2382 957 2467 eiusdemque
1014 2384 1426 2469 adiumenta3
1496 2388 1563 2451 in
1637 2411 1770 2471 qua
1828 2387 2079 2451 ratione
2150 2396 2326 2452 certe
2380 2396 2581 2455 nemo

531 2481 774 2535 temere
821 2468 1184 2553 quidquam
1227 2471 1665 2556 reprehendet
1706 2481 1967 2558 praeter
2006 2471 2188 2556 ill-os,
2237 2472 2349 2555 qui
2396 2471 2579 2555 quod

532 2578 666 2619 non
719 2561 824 2616 est
869 2552 1278 2638 disputatum
1326 2557 1769 2639 reconditiuS,
1814 2557 2189 2622 abstrusius
2234 2566 2300 2621 et
2336 2557 2581 2621 obscu-

531 2640 694 2720 rius,
740 2636 824 2701 id'
852 2646 1166 2722 protenus
1210 2638 1488 2703 Platone
1531 2640 1875 2727 indignum
1922 2664 2071 2707 esse
2106 2642 2577 2706 vociferantur.

528 2723 660 2787 His
692 2746 849 2787 vero
881 2724 1238 2807 expromtis
1269 2724 1535 2789 Libro
1582 2725 1824 2793 VIII.
1874 2748 1939 2810 p.
1984 2726 2454 2793 saa—842.
2492 2726 2579 2793 Β.

531 2808 950 2893 attinguntur
971 2830 1071 2889 ea,
1101 2830 1270 2892 quae
1295 2810 1589 2893 proxime
1610 2834 1757 2877 cum
1783 2810 1913 2877 illis
1938 2811 2319 2889 cohaerent3
2346 2811 2577 2897 dispu-

529 2901 706 2957 tatur
751 2892 922 2957 enim
969 2891 1051 2958 de
1097 2894 1305 2959 sacris
1347 2903 1412 2959 et
1454 2894 1627 2962 ludis
1672 2897 2105 2979 solemnibus,
2166 2918 2335 2979 quae
2380 2896 2577 2980 quasi

529 2987 914 3063 perpetuam
961 2976 1290 3061 quandam
1336 2982 1544 3045 totius
1584 2982 1873 3047 civitatis
1910 2981 2232 3047 educandi
2280 2981 2573 3065 discipli-

528 3084 683 3128 nam
712 3061 1028 3127 efficiunt.
1083 3063 1253 3128 Tum
1285 3074 1504 3130 antem
1536 3065 1622 3131 de
1648 3067 1888 3131 civium
1918 3076 1986 3130 et
2026 3066 2199 3131 inter
2243 3088 2315 3131 se
2344 3076 2577 3131 mutua

529 3156 598 3213 et
629 3169 781 3212 cum
808 3148 1044 3215 vicinis
1070 3148 1332 3215 vivendi
1365 3151 1620 3216 ratione
1650 3151 1865 3235 deque
1892 3151 2344 3217 communibus
2366 3173 2573 3237 nego-

529 3233 643 3298 tiis
701 3242 772 3319 ⁴et
833 3234 1240 3300 commerciis
1301 3235 1555 3321 agitur,
1612 3237 2183 3335 attingunturque
2222 3259 2332 3319 ea,
2400 3258 2573 3321 quae

529 3316 776 3383 homini
815 3328 970 3383 nato
1013 3330 1214 3402 atque
1259 3319 1541 3385 educ-ato
1585 3320 1653 3385 in
1692 3321 1868 3385 civ1li
1913 3321 2249 3387 hominum
2278 3343 2570 3386 commu-

526 3403 739 3467 nitate
780 3424 900 3487 per
940 3411 1148 3468 totam
1191 3405 1394 3470 vitam
1440 3405 1853 3471 observanda
1904 3415 2079 3472 sunt.
2169 3404 2361 3488 Quae
2396 3408 2570 3491 'qua-

526 3487 617 3552 lia
672 3487 838 3568 sint,
899 3486 1007 3552 hic
1067 3488 1304 3555 iterare
1359 3490 1688 3557 nolumus.
1796 3490 1971 3556 Illud
2043 3514 2243 3558 unum
2311 3500 2569 3557 tantum

525 3572 858 3637 monuisse
901 3571 1174 3653 iuvabit,
1221 3574 1398 3647 hunc
1444 3598 1708 3663 quoque
1766 3600 1981 3642 rerum
2040 3576 2334 3644 ordinem
2382 3576 2571 3641 Libr.

529 3656 582 3724 1.
629 3679 696 3742 p.
771 3658 916 3721 632.
989 3660 1073 3723 A.
1133 3658 1213 3723 B.
1289 3661 1495 3725 fuisse
1565 3662 2078 3748 praescriptum,
2154 3660 2570 3745 eundemque

525 3764 672 3807 esse
731 3740 1012 3807 maxime
1055 3741 1496 3829 probabilem,
1558 3746 2092 3832 quandoquidem
2146 3756 2299 3833 post
2342 3745 2605 3811 dome--

523 3822 692 3892 stica
745 3836 1256 3893 consentaneum
1312 3828 1442 3896 fuit
1482 3834 1777 3917 proxime
1819 3832 2189 3899 communia
2234 3854 2310 3897 ac
2350 3830 2572 3897 civilia

523 3912 790 3977 tractari
828 3913 1135 3999 negotia.
1253 3914 1391 3992 lam'
1465 3939 1621 3982 vero
1692 3917 1919 3982 habita
1988 3940 2209 3983 eorum
2276 3916 2569 3982 omnium

519 3996 799 4079 ratione,
843 4019 1011 4082 quae
1055 3996 1373 4066 hactenus
1399 4002 1702 4087 exposita
1744 4010 1923 4085 sunt,
1971 4002 2335 4069 rectissime
2380 4000 2569 4067 dein—

519 4103 676 4166 ceps
754 4082 934 4170 leges
1007 4084 1514 4171 promulgantur
1588 4086 1670 4151 de
1744 4086 2127 4154 criminibus
2202 4110 2567 4172 eorumque
