<?xml version="1.0" encoding="UTF-8"?>
<!DOCTYPE html PUBLIC "-//W3C//DTD XHTML 1.0 Transitional//EN"
    "http://www.w3.org/TR/xhtml1/DTD/xhtml1-transitional.dtd">
<html xmlns="http://www.w3.org/1999/xhtml" xml:lang="en" lang="en">
 <head>
  <title>
</title>
<meta http-equiv="Content-Type" content="text/html;charset=utf-8" />
  <meta name='ocr-system' content='tesseract 3.04.00' />
  <meta name='ocr-capabilities' content='ocr_page ocr_carea ocr_par ocr_line ocrx_word'/>
</head>
<body>
  <div class='ocr_page' id='page_1' title='image "./legesetepinomis00unkngoog_0038.png"; bbox 0 0 2857 4738; ppageno 0'>
   <div class='ocr_carea' id='block_1_1' title="bbox 815 298 2275 420">
    <p class='ocr_par' dir='ltr' id='par_1_1' title="bbox 815 298 2275 420">
     <span class='ocr_line' id='line_1_1' title="bbox 815 298 2275 420; baseline 0.001 -34"><span class='ocrx_word' id='word_1_1' title='bbox 815 319 952 386; x_wconf 77' lang='lat' dir='ltr'>DE</span> <span class='ocrx_word' id='word_1_2' title='bbox 995 316 1410 404; x_wconf 75' lang='lat' dir='ltr'>LEGIBUS</span> <span class='ocrx_word' id='word_1_3' title='bbox 1458 331 1580 388; x_wconf 75' lang='lat' dir='ltr'>eto.</span> <span class='ocrx_word' id='word_1_4' title='bbox 1930 298 2275 420; x_wconf 56' lang='lat' dir='ltr'>xxx-111·</span> 
     </span>
    </p>
   </div>
   <div class='ocr_carea' id='block_1_2' title="bbox 157 485 2261 816">
    <p class='ocr_par' dir='ltr' id='par_1_2' title="bbox 157 485 2261 816">
     <span class='ocr_line' id='line_1_2' title="bbox 160 485 2261 584; baseline 0 -26"><span class='ocrx_word' id='word_1_5' title='bbox 160 495 282 560; x_wconf 81' lang='lat' dir='ltr'>nico</span> <span class='ocrx_word' id='word_1_6' title='bbox 373 492 706 581; x_wconf 84' lang='lat' dir='ltr'>dialogi3</span> <span class='ocrx_word' id='word_1_7' title='bbox 828 493 1068 560; x_wconf 86' lang='lat' dir='ltr'>deinde</span> <span class='ocrx_word' id='word_1_8' title='bbox 1177 495 1260 559; x_wconf 89' lang='lat' dir='ltr'>de</span> <span class='ocrx_word' id='word_1_9' title='bbox 1351 495 1672 560; x_wconf 86' lang='lat' dir='ltr'>sermonis</span> <span class='ocrx_word' id='word_1_10' title='bbox 1746 485 2125 584; x_wconf 66' lang='lat' dir='ltr'>&#39;progressu</span> <span class='ocrx_word' id='word_1_11' title='bbox 2192 506 2261 560; x_wconf 92' lang='lat' dir='ltr'>et</span> 
     </span>
     <span class='ocr_line' id='line_1_3' title="bbox 157 579 2256 666; baseline 0.001 -22"><span class='ocrx_word' id='word_1_12' title='bbox 157 591 464 665; x_wconf 80' lang='lat' dir='ltr'>&#39;tanquam</span> <span class='ocrx_word' id='word_1_13' title='bbox 519 581 800 645; x_wconf 88' lang='lat' dir='ltr'>itinere</span> <span class='ocrx_word' id='word_1_14' title='bbox 853 602 1295 666; x_wconf 85' lang='lat' dir='ltr'>exponamus;</span> <span class='ocrx_word' id='word_1_15' title='bbox 1364 579 1648 665; x_wconf 86' lang='lat' dir='ltr'>denique</span> <span class='ocrx_word' id='word_1_16' title='bbox 1692 580 1775 646; x_wconf 90' lang='lat' dir='ltr'>de</span> <span class='ocrx_word' id='word_1_17' title='bbox 1834 583 2054 647; x_wconf 88' lang='lat' dir='ltr'>colore</span> <span class='ocrx_word' id='word_1_18' title='bbox 2118 582 2256 646; x_wconf 89' lang='lat' dir='ltr'>dia-</span> 
     </span>
     <span class='ocr_line' id='line_1_4' title="bbox 159 665 2255 816; baseline 0.001 -87"><span class='ocrx_word' id='word_1_19' title='bbox 159 666 305 752; x_wconf 85' lang='lat' dir='ltr'>logi,</span> <span class='ocrx_word' id='word_1_20' title='bbox 373 689 606 750; x_wconf 88' lang='lat' dir='ltr'>quem</span> <span class='ocrx_word' id='word_1_21' title='bbox 679 666 757 729; x_wconf 91' lang='lat' dir='ltr'>in</span> <span class='ocrx_word' id='word_1_22' title='bbox 825 665 1106 752; x_wconf 85' lang='lat' dir='ltr'>singulis</span> <span class='ocrx_word' id='word_1_23' title='bbox 1163 667 1483 816; x_wconf 62' lang='lat' dir='ltr'>(partibus</span> <span class='ocrx_word' id='word_1_24' title='bbox 1562 668 1763 731; x_wconf 81' lang='lat' dir='ltr'><strong>refert</strong></span> <span class='ocrx_word' id='word_1_25' title='bbox 1838 668 2255 755; x_wconf 82' lang='lat' dir='ltr'>singularem,</span> 
     </span>
    </p>
   </div>
   <div class='ocr_carea' id='block_1_3' title="bbox 158 751 1584 838">
    <p class='ocr_par' dir='ltr' id='par_1_3' title="bbox 158 751 1584 838">
     <span class='ocr_line' id='line_1_5' title="bbox 158 751 1584 838; baseline 0 -22"><span class='ocrx_word' id='word_1_26' title='bbox 158 754 624 838; x_wconf 85' lang='lat' dir='ltr'>universoque</span> <span class='ocrx_word' id='word_1_27' title='bbox 685 752 840 816; x_wconf 90' lang='lat' dir='ltr'>eius</span> <span class='ocrx_word' id='word_1_28' title='bbox 890 751 1113 816; x_wconf 88' lang='lat' dir='ltr'>habitu</span> <span class='ocrx_word' id='word_1_29' title='bbox 1210 755 1584 818; x_wconf 86' lang='lat' dir='ltr'>isseramus.</span> 
     </span>
    </p>
   </div>
   <div class='ocr_carea' id='block_1_4' title="bbox 1036 1012 1432 1020">
    <p class='ocr_par' dir='ltr' id='par_1_4' title="bbox 1036 1012 1432 1020">
     <span class='ocr_line' id='line_1_6' title="bbox 1036 1012 1432 1020; baseline -0.005 0"><span class='ocrx_word' id='word_1_30' title='bbox 1036 1012 1432 1020; x_wconf 77' lang='lat'><em>—--———-——</em></span> 
     </span>
    </p>
   </div>
   <div class='ocr_carea' id='block_1_5' title="bbox 695 1177 1772 1298">
    <p class='ocr_par' dir='ltr' id='par_1_5' title="bbox 695 1177 1772 1298">
     <span class='ocr_line' id='line_1_7' title="bbox 695 1177 1772 1298; baseline -0.01 -23"><span class='ocrx_word' id='word_1_31' title='bbox 695 1183 890 1298; x_wconf 78' lang='lat' dir='ltr'>Cap.</span> <span class='ocrx_word' id='word_1_32' title='bbox 957 1179 1149 1275; x_wconf 73' lang='lat' dir='ltr'><strong>XVI.</strong></span> <span class='ocrx_word' id='word_1_33' title='bbox 1273 1177 1622 1296; x_wconf 78' lang='lat' dir='ltr'>Segmem</span> <span class='ocrx_word' id='word_1_34' title='bbox 1682 1180 1772 1272; x_wconf 89' lang='grc' dir='ltr'>ΙΙ.</span> 
     </span>
    </p>
   </div>
   <div class='ocr_carea' id='block_1_6' title="bbox 311 1364 2112 1521">
    <p class='ocr_par' dir='ltr' id='par_1_6' title="bbox 311 1364 2112 1521">
     <span class='ocr_line' id='line_1_8' title="bbox 311 1364 2112 1436; baseline 0.002 -18"><span class='ocrx_word' id='word_1_35' title='bbox 311 1365 438 1422; x_wconf 66' lang='lat' dir='ltr'>lle</span> <span class='ocrx_word' id='word_1_36' title='bbox 483 1368 815 1426; x_wconf 69' lang='lat' dir='ltr'>scenico</span> <span class='ocrx_word' id='word_1_37' title='bbox 854 1366 1138 1435; x_wconf 70' lang='lat' dir='ltr'>dialog!</span> <span class='ocrx_word' id='word_1_38' title='bbox 1175 1365 1483 1428; x_wconf 72' lang='lat' dir='ltr'>ornatu,</span> <span class='ocrx_word' id='word_1_39' title='bbox 1520 1364 1713 1429; x_wconf 74' lang='lat' dir='ltr'>loeo,</span> <span class='ocrx_word' id='word_1_40' title='bbox 1750 1369 2112 1436; x_wconf 71' lang='lat' dir='ltr'>tempore,</span> 
     </span>
     <span class='ocr_line' id='line_1_9' title="bbox 985 1453 1404 1521; baseline -0.007 -14"><span class='ocrx_word' id='word_1_41' title='bbox 985 1477 994 1483; x_wconf 81' lang='grc'><strong><em>·</em></strong></span> <span class='ocrx_word' id='word_1_42' title='bbox 1036 1453 1404 1521; x_wconf 63' lang='lat' dir='ltr'>personu-</span> 
     </span>
    </p>
   </div>
   <div class='ocr_carea' id='block_1_7' title="bbox 175 1606 2337 4275">
    <p class='ocr_par' dir='ltr' id='par_1_7' title="bbox 175 1606 2337 4275">
     <span class='ocr_line' id='line_1_10' title="bbox 339 1606 2245 1695; baseline 0.002 -24"><span class='ocrx_word' id='word_1_43' title='bbox 339 1607 445 1672; x_wconf 80' lang='lat' dir='ltr'>Et</span> <span class='ocrx_word' id='word_1_44' title='bbox 507 1609 854 1695; x_wconf 84' lang='lat' dir='ltr'>scenicum</span> <span class='ocrx_word' id='word_1_45' title='bbox 903 1606 1164 1692; x_wconf 82' lang='lat' dir='ltr'>quidem</span> <span class='ocrx_word' id='word_1_46' title='bbox 1212 1618 1601 1694; x_wconf 85' lang='lat' dir='ltr'>apparatum</span> <span class='ocrx_word' id='word_1_47' title='bbox 1652 1607 1897 1694; x_wconf 81' lang='lat' dir='ltr'>dialogi</span> <span class='ocrx_word' id='word_1_48' title='bbox 1946 1610 2245 1675; x_wconf 85' lang='lat' dir='ltr'>conside-</span> 
     </span>
     <span class='ocr_line' id='line_1_11' title="bbox 175 1693 2245 1780; baseline 0.002 -23"><span class='ocrx_word' id='word_1_49' title='bbox 175 1694 486 1759; x_wconf 79' lang='lat' dir='ltr'>rantibus</span> <span class='ocrx_word' id='word_1_50' title='bbox 548 1693 1035 1759; x_wconf 87' lang='lat' dir='ltr'>recordandum</span> <span class='ocrx_word' id='word_1_51' title='bbox 1101 1693 1290 1760; x_wconf 87' lang='lat' dir='ltr'>nobis</span> <span class='ocrx_word' id='word_1_52' title='bbox 1371 1693 1476 1758; x_wconf 89' lang='lat' dir='ltr'>hic</span> <span class='ocrx_word' id='word_1_53' title='bbox 1556 1715 1847 1778; x_wconf 75' lang='lat' dir='ltr'>quoque</span> <span class='ocrx_word' id='word_1_54' title='bbox 1886 1705 1991 1760; x_wconf 84' lang='lat' dir='ltr'>est</span> <span class='ocrx_word' id='word_1_55' title='bbox 2059 1695 2245 1780; x_wconf 78' lang='lat' dir='ltr'>illud,</span> 
     </span>
     <span class='ocr_line' id='line_1_12' title="bbox 180 1777 2248 1867; baseline 0.002 -24"><span class='ocrx_word' id='word_1_56' title='bbox 180 1779 256 1844; x_wconf 91' lang='lat' dir='ltr'>de</span> <span class='ocrx_word' id='word_1_57' title='bbox 288 1803 433 1866; x_wconf 88' lang='lat' dir='ltr'>quo</span> <span class='ocrx_word' id='word_1_58' title='bbox 483 1780 624 1844; x_wconf 89' lang='lat' dir='ltr'>iam</span> <span class='ocrx_word' id='word_1_59' title='bbox 672 1783 870 1867; x_wconf 79' lang='lat' dir='ltr'>saepe</span> <span class='ocrx_word' id='word_1_60' title='bbox 913 1779 1233 1862; x_wconf 76' lang='lat' dir='ltr'>diximuS,</span> <span class='ocrx_word' id='word_1_61' title='bbox 1300 1777 1562 1844; x_wconf 88' lang='lat' dir='ltr'>Platoni</span> <span class='ocrx_word' id='word_1_62' title='bbox 1618 1779 1685 1843; x_wconf 89' lang='lat' dir='ltr'>in</span> <span class='ocrx_word' id='word_1_63' title='bbox 1748 1778 1849 1846; x_wconf 87' lang='lat' dir='ltr'>his</span> <span class='ocrx_word' id='word_1_64' title='bbox 1893 1781 2079 1847; x_wconf 86' lang='lat' dir='ltr'>libris</span> <span class='ocrx_word' id='word_1_65' title='bbox 2124 1781 2248 1848; x_wconf 90' lang='lat' dir='ltr'>hoc</span> 
     </span>
     <span class='ocr_line' id='line_1_13' title="bbox 177 1864 2247 1952; baseline 0.002 -22"><span class='ocrx_word' id='word_1_66' title='bbox 177 1867 386 1932; x_wconf 79' lang='lat' dir='ltr'>fuisse</span> <span class='ocrx_word' id='word_1_67' title='bbox 453 1865 918 1952; x_wconf 88' lang='lat' dir='ltr'>propositum,</span> <span class='ocrx_word' id='word_1_68' title='bbox 987 1875 1060 1931; x_wconf 89' lang='lat' dir='ltr'>ut</span> <span class='ocrx_word' id='word_1_69' title='bbox 1117 1887 1260 1931; x_wconf 89' lang='lat' dir='ltr'>eam</span> <span class='ocrx_word' id='word_1_70' title='bbox 1321 1864 1637 1931; x_wconf 87' lang='lat' dir='ltr'>conderet</span> <span class='ocrx_word' id='word_1_71' title='bbox 1682 1865 2036 1950; x_wconf 88' lang='lat' dir='ltr'>civitatem,</span> <span class='ocrx_word' id='word_1_72' title='bbox 2081 1891 2247 1952; x_wconf 87' lang='lat' dir='ltr'>quae</span> 
     </span>
     <span class='ocr_line' id='line_1_14' title="bbox 180 1949 2245 2038; baseline 0.002 -22"><span class='ocrx_word' id='word_1_73' title='bbox 180 1953 302 2016; x_wconf 89' lang='lat' dir='ltr'>etsi</span> <span class='ocrx_word' id='word_1_74' title='bbox 362 1951 654 2038; x_wconf 87' lang='lat' dir='ltr'>propius</span> <span class='ocrx_word' id='word_1_75' title='bbox 715 1951 800 2016; x_wconf 90' lang='lat' dir='ltr'>ad</span> <span class='ocrx_word' id='word_1_76' title='bbox 845 1953 1054 2038; x_wconf 89' lang='lat' dir='ltr'>ipsius</span> <span class='ocrx_word' id='word_1_77' title='bbox 1115 1951 1289 2016; x_wconf 75' lang='lat' dir='ltr'>vitae</span> <span class='ocrx_word' id='word_1_78' title='bbox 1347 1952 1689 2016; x_wconf 82' lang='lat' dir='ltr'>veritatem</span> <span class='ocrx_word' id='word_1_79' title='bbox 1738 1949 2103 2036; x_wconf 80' lang='lat' dir='ltr'>accederet,</span> <span class='ocrx_word' id='word_1_80' title='bbox 2147 1965 2245 2020; x_wconf 87' lang='lat' dir='ltr'>ta-</span> 
     </span>
     <span class='ocr_line' id='line_1_15' title="bbox 183 2037 2247 2125; baseline 0.002 -23"><span class='ocrx_word' id='word_1_81' title='bbox 183 2061 328 2102; x_wconf 86' lang='lat' dir='ltr'>men</span> <span class='ocrx_word' id='word_1_82' title='bbox 393 2040 566 2102; x_wconf 87' lang='lat' dir='ltr'>item</span> <span class='ocrx_word' id='word_1_83' title='bbox 625 2038 726 2103; x_wconf 90' lang='lat' dir='ltr'>sic</span> <span class='ocrx_word' id='word_1_84' title='bbox 786 2048 966 2104; x_wconf 82' lang='lat' dir='ltr'>esset</span> <span class='ocrx_word' id='word_1_85' title='bbox 1023 2048 1442 2123; x_wconf 85' lang='lat' dir='ltr'>comparata,</span> <span class='ocrx_word' id='word_1_86' title='bbox 1504 2047 1577 2102; x_wconf 87' lang='lat' dir='ltr'>ut</span> <span class='ocrx_word' id='word_1_87' title='bbox 1638 2037 1877 2102; x_wconf 82' lang='lat' dir='ltr'>virtute</span> <span class='ocrx_word' id='word_1_88' title='bbox 1938 2061 2015 2104; x_wconf 89' lang='lat' dir='ltr'>ac</span> <span class='ocrx_word' id='word_1_89' title='bbox 2059 2063 2247 2125; x_wconf 90' lang='lat' dir='ltr'>prae-</span> 
     </span>
     <span class='ocr_line' id='line_1_16' title="bbox 191 2123 2246 2211; baseline 0.002 -24"><span class='ocrx_word' id='word_1_90' title='bbox 191 2125 438 2188; x_wconf 77' lang='lat' dir='ltr'>stantia</span> <span class='ocrx_word' id='word_1_91' title='bbox 497 2147 626 2188; x_wconf 86' lang='lat' dir='ltr'>sua</span> <span class='ocrx_word' id='word_1_92' title='bbox 671 2123 844 2189; x_wconf 87' lang='lat' dir='ltr'>ultra</span> <span class='ocrx_word' id='word_1_93' title='bbox 900 2123 1266 2211; x_wconf 82' lang='lat' dir='ltr'>vulgarium</span> <span class='ocrx_word' id='word_1_94' title='bbox 1315 2125 1653 2188; x_wconf 86' lang='lat' dir='ltr'>civitatum</span> <span class='ocrx_word' id='word_1_95' title='bbox 1701 2123 1961 2189; x_wconf 86' lang='lat' dir='ltr'>laudem</span> <span class='ocrx_word' id='word_1_96' title='bbox 2007 2126 2246 2191; x_wconf 88' lang='lat' dir='ltr'>emine-</span> 
     </span>
     <span class='ocr_line' id='line_1_17' title="bbox 191 2209 2245 2296; baseline 0.001 -23"><span class='ocrx_word' id='word_1_97' title='bbox 191 2220 324 2292; x_wconf 88' lang='lat' dir='ltr'>ret,</span> <span class='ocrx_word' id='word_1_98' title='bbox 409 2219 480 2274; x_wconf 90' lang='lat' dir='ltr'>et</span> <span class='ocrx_word' id='word_1_99' title='bbox 563 2211 867 2295; x_wconf 86' lang='lat' dir='ltr'>exemplo</span> <span class='ocrx_word' id='word_1_100' title='bbox 933 2209 1153 2295; x_wconf 85' lang='lat' dir='ltr'>aliquo</span> <span class='ocrx_word' id='word_1_101' title='bbox 1211 2209 1645 2276; x_wconf 83' lang='lat' dir='ltr'>luculentiore</span> <span class='ocrx_word' id='word_1_102' title='bbox 1711 2212 2116 2296; x_wconf 69' lang='lat' dir='ltr'>patefaceret</span> <span class='ocrx_word' id='word_1_103' title='bbox 2169 2235 2245 2276; x_wconf 85' lang='lat' dir='ltr'>ac</span> 
     </span>
     <span class='ocr_line' id='line_1_18' title="bbox 191 2293 2245 2381; baseline 0.002 -23"><span class='ocrx_word' id='word_1_104' title='bbox 191 2293 597 2380; x_wconf 76' lang='lat' dir='ltr'>declararet,</span> <span class='ocrx_word' id='word_1_105' title='bbox 665 2320 797 2381; x_wconf 86' lang='lat' dir='ltr'>qua</span> <span class='ocrx_word' id='word_1_106' title='bbox 832 2297 1082 2361; x_wconf 86' lang='lat' dir='ltr'>ratione</span> <span class='ocrx_word' id='word_1_107' title='bbox 1127 2317 1298 2381; x_wconf 88' lang='lat' dir='ltr'>quae</span> <span class='ocrx_word' id='word_1_108' title='bbox 1341 2317 1573 2360; x_wconf 86' lang='lat' dir='ltr'>revera</span> <span class='ocrx_word' id='word_1_109' title='bbox 1628 2295 2068 2379; x_wconf 78' lang='lat' dir='ltr'>reperirentur</span> <span class='ocrx_word' id='word_1_110' title='bbox 2110 2319 2245 2363; x_wconf 87' lang='lat' dir='ltr'>res-</span> 
     </span>
     <span class='ocr_line' id='line_1_19' title="bbox 201 2379 2245 2467; baseline 0.002 -23"><span class='ocrx_word' id='word_1_111' title='bbox 201 2382 505 2465; x_wconf 77' lang='lat' dir='ltr'>publicae</span> <span class='ocrx_word' id='word_1_112' title='bbox 553 2384 896 2467; x_wconf 85' lang='lat' dir='ltr'>sapienter</span> <span class='ocrx_word' id='word_1_113' title='bbox 940 2382 1270 2447; x_wconf 77' lang='lat' dir='ltr'>emendari</span> <span class='ocrx_word' id='word_1_114' title='bbox 1319 2391 1384 2445; x_wconf 82' lang='lat' dir='ltr'>et</span> <span class='ocrx_word' id='word_1_115' title='bbox 1432 2379 1515 2445; x_wconf 85' lang='lat' dir='ltr'>ad</span> <span class='ocrx_word' id='word_1_116' title='bbox 1563 2381 1869 2445; x_wconf 88' lang='lat' dir='ltr'>maiorem</span> <span class='ocrx_word' id='word_1_117' title='bbox 1914 2380 2245 2465; x_wconf 85' lang='lat' dir='ltr'>quandam</span> 
     </span>
     <span class='ocr_line' id='line_1_20' title="bbox 205 2466 2337 2616; baseline 0.002 -86"><span class='ocrx_word' id='word_1_118' title='bbox 205 2489 352 2531; x_wconf 86' lang='lat' dir='ltr'>cum</span> <span class='ocrx_word' id='word_1_119' title='bbox 412 2469 746 2553; x_wconf 83' lang='lat' dir='ltr'>perfectae</span> <span class='ocrx_word' id='word_1_120' title='bbox 807 2468 1109 2533; x_wconf 74' lang='lat' dir='ltr'>civitatis</span> <span class='ocrx_word' id='word_1_121' title='bbox 1153 2468 1372 2555; x_wconf 88' lang='lat' dir='ltr'>specie</span> <span class='ocrx_word' id='word_1_122' title='bbox 1430 2477 1498 2531; x_wconf 87' lang='lat' dir='ltr'>et</span> <span class='ocrx_word' id='word_1_123' title='bbox 1545 2466 1829 2616; x_wconf 53' lang='lat' dir='ltr'>imagine</span> <span class='ocrx_word' id='word_1_124' title='bbox 1875 2467 2245 2534; x_wconf 87' lang='lat' dir='ltr'>similitudi·</span> <span class='ocrx_word' id='word_1_125' title='bbox 2332 2504 2337 2509; x_wconf 97' lang='lat'><em>·</em></span> 
     </span>
     <span class='ocr_line' id='line_1_21' title="bbox 196 2552 2245 2641; baseline 0.002 -25"><span class='ocrx_word' id='word_1_126' title='bbox 196 2576 338 2623; x_wconf 85' lang='lat' dir='ltr'>nem</span> <span class='ocrx_word' id='word_1_127' title='bbox 384 2555 781 2640; x_wconf 76' lang='lat' dir='ltr'>provehi-et</span> <span class='ocrx_word' id='word_1_128' title='bbox 803 2554 1114 2620; x_wconf 73' lang='lat' dir='ltr'>⁴&#39;converti</span> <span class='ocrx_word' id='word_1_129' title='bbox 1160 2571 1454 2641; x_wconf 83' lang='lat' dir='ltr'>possent.</span> <span class='ocrx_word' id='word_1_130' title='bbox 1545 2552 1677 2636; x_wconf 83' lang='lat' dir='ltr'>Qui</span> <span class='ocrx_word' id='word_1_131' title='bbox 1768 2553 2014 2639; x_wconf 80' lang='lat' dir='ltr'>igitur?</span> <span class='ocrx_word' id='word_1_132' title='bbox 2101 2557 2245 2621; x_wconf 88' lang='lat' dir='ltr'>ubi-</span> 
     </span>
     <span class='ocr_line' id='line_1_22' title="bbox 187 2640 2246 2727; baseline 0.002 -24"><span class='ocrx_word' id='word_1_133' title='bbox 187 2662 337 2704; x_wconf 86' lang='lat' dir='ltr'>nam</span> <span class='ocrx_word' id='word_1_134' title='bbox 397 2652 726 2705; x_wconf 89' lang='lat' dir='ltr'>terrarum</span> <span class='ocrx_word' id='word_1_135' title='bbox 790 2662 1034 2724; x_wconf 83' lang='lat' dir='ltr'>quaeso</span> <span class='ocrx_word' id='word_1_136' title='bbox 1087 2640 1264 2704; x_wconf 88' lang='lat' dir='ltr'>illam</span> <span class='ocrx_word' id='word_1_137' title='bbox 1313 2640 1685 2723; x_wconf 84' lang='lat' dir='ltr'>putabimus</span> <span class='ocrx_word' id='word_1_138' title='bbox 1730 2652 1905 2705; x_wconf 87' lang='lat' dir='ltr'>recte</span> <span class='ocrx_word' id='word_1_139' title='bbox 1952 2642 2246 2727; x_wconf 87' lang='lat' dir='ltr'>potuisse</span> 
     </span>
     <span class='ocr_line' id='line_1_23' title="bbox 187 2724 2244 2811; baseline 0.002 -22"><span class='ocrx_word' id='word_1_140' title='bbox 187 2726 268 2791; x_wconf 90' lang='lat' dir='ltr'>ab</span> <span class='ocrx_word' id='word_1_141' title='bbox 329 2749 414 2791; x_wconf 92' lang='lat' dir='ltr'>eo</span> <span class='ocrx_word' id='word_1_142' title='bbox 474 2725 678 2791; x_wconf 89' lang='lat' dir='ltr'>condi</span> <span class='ocrx_word' id='word_1_143' title='bbox 759 2737 960 2811; x_wconf 89' lang='lat' dir='ltr'>atque</span> <span class='ocrx_word' id='word_1_144' title='bbox 1022 2724 1328 2791; x_wconf 85' lang='lat' dir='ltr'>fundari?</span> <span class='ocrx_word' id='word_1_145' title='bbox 1415 2726 1595 2791; x_wconf 89' lang='lat' dir='ltr'>Num</span> <span class='ocrx_word' id='word_1_146' title='bbox 1680 2726 1847 2791; x_wconf 89' lang='lat' dir='ltr'>forte</span> <span class='ocrx_word' id='word_1_147' title='bbox 1917 2726 2244 2795; x_wconf 81' lang='lat' dir='ltr'>Athenis?</span> 
     </span>
     <span class='ocr_line' id='line_1_24' title="bbox 187 2810 2243 2902; baseline 0.001 -26"><span class='ocrx_word' id='word_1_148' title='bbox 187 2813 284 2876; x_wconf 87' lang='lat' dir='ltr'>At</span> <span class='ocrx_word' id='word_1_149' title='bbox 328 2812 508 2877; x_wconf 89' lang='lat' dir='ltr'>istuc</span> <span class='ocrx_word' id='word_1_150' title='bbox 559 2811 824 2897; x_wconf 89' lang='lat' dir='ltr'>quidem</span> <span class='ocrx_word' id='word_1_151' title='bbox 883 2835 1196 2898; x_wconf 81' lang='lat' dir='ltr'>perquam</span> <span class='ocrx_word' id='word_1_152' title='bbox 1246 2812 1481 2877; x_wconf 68' lang='lat' dir='ltr'>fuisset</span> <span class='ocrx_word' id='word_1_153' title='bbox 1525 2810 1863 2876; x_wconf 84' lang='lat' dir='ltr'>inficetum</span> <span class='ocrx_word' id='word_1_154' title='bbox 1910 2835 1989 2877; x_wconf 87' lang='lat' dir='ltr'>ac</span> <span class='ocrx_word' id='word_1_155' title='bbox 2035 2836 2243 2902; x_wconf 87' lang='lat' dir='ltr'>prope</span> 
     </span>
     <span class='ocr_line' id='line_1_25' title="bbox 185 2896 2243 2987; baseline 0.002 -26"><span class='ocrx_word' id='word_1_156' title='bbox 185 2896 569 2963; x_wconf 86' lang='lat' dir='ltr'>ridiculum.</span> <span class='ocrx_word' id='word_1_157' title='bbox 671 2904 780 2962; x_wconf 89' lang='lat' dir='ltr'>An</span> <span class='ocrx_word' id='word_1_158' title='bbox 837 2899 906 2985; x_wconf 80' lang='lat' dir='ltr'>in</span> <span class='ocrx_word' id='word_1_159' title='bbox 978 2898 1198 2963; x_wconf 85' lang='lat' dir='ltr'>vicina</span> <span class='ocrx_word' id='word_1_160' title='bbox 1271 2898 1494 2982; x_wconf 87' lang='lat' dir='ltr'>aliqua</span> <span class='ocrx_word' id='word_1_161' title='bbox 1554 2896 1877 2979; x_wconf 81' lang='lat' dir='ltr'>Graeciae</span> <span class='ocrx_word' id='word_1_162' title='bbox 1950 2902 2243 2987; x_wconf 82' lang='lat' dir='ltr'>regione,</span> 
     </span>
     <span class='ocr_line' id='line_1_26' title="bbox 186 2982 2244 3069; baseline 0.002 -22"><span class='ocrx_word' id='word_1_163' title='bbox 186 2984 471 3065; x_wconf 82' lang='lat' dir='ltr'>Thebis,</span> <span class='ocrx_word' id='word_1_164' title='bbox 521 2982 828 3069; x_wconf 87' lang='lat' dir='ltr'>Spartae,</span> <span class='ocrx_word' id='word_1_165' title='bbox 863 2983 1210 3050; x_wconf 84' lang='lat' dir='ltr'>Corinthi?</span> <span class='ocrx_word' id='word_1_166' title='bbox 1304 2983 1589 3049; x_wconf 78' lang='lat' dir='ltr'>ld‘vero</span> <span class='ocrx_word' id='word_1_167' title='bbox 1632 2992 1932 3069; x_wconf 89' lang='lat' dir='ltr'>apertum</span> <span class='ocrx_word' id='word_1_168' title='bbox 1966 2993 2068 3051; x_wconf 86' lang='lat' dir='ltr'>est</span> <span class='ocrx_word' id='word_1_169' title='bbox 2112 3010 2244 3051; x_wconf 88' lang='lat' dir='ltr'>non</span> 
     </span>
     <span class='ocr_line' id='line_1_27' title="bbox 185 3069 2245 3155; baseline 0.002 -22"><span class='ocrx_word' id='word_1_170' title='bbox 185 3070 408 3136; x_wconf 86' lang='lat' dir='ltr'>minus</span> <span class='ocrx_word' id='word_1_171' title='bbox 458 3070 753 3134; x_wconf 87' lang='lat' dir='ltr'>futurum</span> <span class='ocrx_word' id='word_1_172' title='bbox 817 3070 1022 3136; x_wconf 82' lang='lat' dir='ltr'>fuisse.</span> <span class='ocrx_word' id='word_1_173' title='bbox 1065 3069 1445 3153; x_wconf 76' lang='lat' dir='ltr'>absurdum.</span> <span class='ocrx_word' id='word_1_174' title='bbox 1538 3072 1645 3135; x_wconf 89' lang='lat' dir='ltr'>An</span> <span class='ocrx_word' id='word_1_175' title='bbox 1691 3070 1757 3133; x_wconf 86' lang='lat' dir='ltr'>in</span> <span class='ocrx_word' id='word_1_176' title='bbox 1805 3080 1981 3133; x_wconf 86' lang='lat' dir='ltr'>terra</span> <span class='ocrx_word' id='word_1_177' title='bbox 2024 3072 2245 3155; x_wconf 83' lang='lat' dir='ltr'>aliqua</span> 
     </span>
     <span class='ocr_line' id='line_1_28' title="bbox 187 3154 2246 3243; baseline 0.001 -23"><span class='ocrx_word' id='word_1_178' title='bbox 187 3156 586 3243; x_wconf 85' lang='lat' dir='ltr'>peregrina,</span> <span class='ocrx_word' id='word_1_179' title='bbox 661 3178 831 3239; x_wconf 88' lang='lat' dir='ltr'>quae</span> <span class='ocrx_word' id='word_1_180' title='bbox 885 3158 1202 3224; x_wconf 86' lang='lat' dir='ltr'>barbaros</span> <span class='ocrx_word' id='word_1_181' title='bbox 1277 3165 1391 3219; x_wconf 86' lang='lat' dir='ltr'>aut</span> <span class='ocrx_word' id='word_1_182' title='bbox 1453 3156 1666 3219; x_wconf 88' lang='lat' dir='ltr'>minus</span> <span class='ocrx_word' id='word_1_183' title='bbox 1726 3163 1917 3219; x_wconf 85' lang='lat' dir='ltr'>notos</span> <span class='ocrx_word' id='word_1_184' title='bbox 1977 3154 2246 3223; x_wconf 87' lang='lat' dir='ltr'>haberet</span> 
     </span>
     <span class='ocr_line' id='line_1_29' title="bbox 187 3239 2243 3329; baseline 0.002 -24"><span class='ocrx_word' id='word_1_185' title='bbox 187 3240 494 3307; x_wconf 86' lang='lat' dir='ltr'>incola-s?</span> <span class='ocrx_word' id='word_1_186' title='bbox 583 3242 796 3327; x_wconf 89' lang='lat' dir='ltr'>Atqui</span> <span class='ocrx_word' id='word_1_187' title='bbox 837 3244 964 3307; x_wconf 90' lang='lat' dir='ltr'>isto</span> <span class='ocrx_word' id='word_1_188' title='bbox 997 3242 1196 3309; x_wconf 84' lang='lat' dir='ltr'>modo</span> <span class='ocrx_word' id='word_1_189' title='bbox 1248 3242 1441 3305; x_wconf 89' lang='lat' dir='ltr'>Plato</span> <span class='ocrx_word' id='word_1_190' title='bbox 1485 3263 1618 3306; x_wconf 89' lang='lat' dir='ltr'>non</span> <span class='ocrx_word' id='word_1_191' title='bbox 1662 3239 1991 3325; x_wconf 87' lang='lat' dir='ltr'>potuisset</span> <span class='ocrx_word' id='word_1_192' title='bbox 2033 3266 2243 3329; x_wconf 86' lang='lat' dir='ltr'>popu—</span> 
     </span>
     <span class='ocr_line' id='line_1_30' title="bbox 187 3323 2243 3414; baseline 0.003 -23"><span class='ocrx_word' id='word_1_193' title='bbox 187 3326 447 3393; x_wconf 83' lang='lat' dir='ltr'>laribus</span> <span class='ocrx_word' id='word_1_194' title='bbox 511 3328 686 3411; x_wconf 91' lang='lat' dir='ltr'>suis,</span> <span class='ocrx_word' id='word_1_195' title='bbox 749 3327 988 3413; x_wconf 88' lang='lat' dir='ltr'>quibus</span> <span class='ocrx_word' id='word_1_196' title='bbox 1032 3329 1181 3395; x_wconf 89' lang='lat' dir='ltr'>unis</span> <span class='ocrx_word' id='word_1_197' title='bbox 1240 3328 1539 3414; x_wconf 81' lang='lat' dir='ltr'>scripsit,</span> <span class='ocrx_word' id='word_1_198' title='bbox 1602 3323 1897 3393; x_wconf 85' lang='lat' dir='ltr'>Graecae</span> <span class='ocrx_word' id='word_1_199' title='bbox 1956 3328 2243 3398; x_wconf 86' lang='lat' dir='ltr'>civitatis</span> 
     </span>
     <span class='ocr_line' id='line_1_31' title="bbox 189 3411 2241 3502; baseline 0.003 -25"><span class='ocrx_word' id='word_1_200' title='bbox 189 3414 534 3502; x_wconf 86' lang='lat' dir='ltr'>exemplar</span> <span class='ocrx_word' id='word_1_201' title='bbox 577 3422 732 3479; x_wconf 89' lang='lat' dir='ltr'>ante</span> <span class='ocrx_word' id='word_1_202' title='bbox 791 3416 1016 3481; x_wconf 89' lang='lat' dir='ltr'>oculos</span> <span class='ocrx_word' id='word_1_203' title='bbox 1073 3438 1358 3501; x_wconf 90' lang='lat' dir='ltr'>ponere,</span> <span class='ocrx_word' id='word_1_204' title='bbox 1422 3412 1617 3497; x_wconf 87' lang='lat' dir='ltr'>quale</span> <span class='ocrx_word' id='word_1_205' title='bbox 1675 3411 1803 3477; x_wconf 86' lang='lat' dir='ltr'>illis</span> <span class='ocrx_word' id='word_1_206' title='bbox 1860 3412 2241 3483; x_wconf 87' lang='lat' dir='ltr'>intuendum</span> 
     </span>
     <span class='ocr_line' id='line_1_32' title="bbox 192 3497 2242 3589; baseline 0.002 -25"><span class='ocrx_word' id='word_1_207' title='bbox 192 3498 763 3586; x_wconf 86' lang='lat' dir='ltr'>spectandumque</span> <span class='ocrx_word' id='word_1_208' title='bbox 847 3501 1216 3587; x_wconf 86' lang='lat' dir='ltr'>proposuit.</span> <span class='ocrx_word' id='word_1_209' title='bbox 1339 3503 1445 3563; x_wconf 89' lang='lat' dir='ltr'>An</span> <span class='ocrx_word' id='word_1_210' title='bbox 1510 3497 1791 3582; x_wconf 88' lang='lat' dir='ltr'>denique</span> <span class='ocrx_word' id='word_1_211' title='bbox 1846 3498 1914 3563; x_wconf 87' lang='lat' dir='ltr'>in</span> <span class='ocrx_word' id='word_1_212' title='bbox 1975 3504 2242 3589; x_wconf 86' lang='lat' dir='ltr'>regione</span> 
     </span>
     <span class='ocr_line' id='line_1_33' title="bbox 193 3583 2241 3671; baseline 0.003 -23"><span class='ocrx_word' id='word_1_213' title='bbox 193 3584 300 3649; x_wconf 85' lang='lat' dir='ltr'>vel</span> <span class='ocrx_word' id='word_1_214' title='bbox 351 3595 540 3651; x_wconf 87' lang='lat' dir='ltr'>terra</span> <span class='ocrx_word' id='word_1_215' title='bbox 600 3585 822 3671; x_wconf 88' lang='lat' dir='ltr'>aliqua</span> <span class='ocrx_word' id='word_1_216' title='bbox 863 3588 1158 3670; x_wconf 87' lang='lat' dir='ltr'>incerta,</span> <span class='ocrx_word' id='word_1_217' title='bbox 1200 3585 1463 3670; x_wconf 64' lang='lat' dir='ltr'>‚qualem</span> <span class='ocrx_word' id='word_1_218' title='bbox 1515 3583 1709 3649; x_wconf 88' lang='lat' dir='ltr'>hodie</span> <span class='ocrx_word' id='word_1_219' title='bbox 1756 3584 2085 3671; x_wconf 86' lang='lat' dir='ltr'>Utopiam-</span> <span class='ocrx_word' id='word_1_220' title='bbox 2119 3590 2241 3655; x_wconf 86' lang='lat' dir='ltr'>fin·</span> 
     </span>
     <span class='ocr_line' id='line_1_34' title="bbox 191 3669 2240 3759; baseline 0.002 -23"><span class='ocrx_word' id='word_1_221' title='bbox 191 3692 348 3758; x_wconf 87' lang='lat' dir='ltr'>gere</span> <span class='ocrx_word' id='word_1_222' title='bbox 394 3670 661 3737; x_wconf 85' lang='lat' dir='ltr'>solent?</span> <span class='ocrx_word' id='word_1_223' title='bbox 721 3672 1046 3738; x_wconf 87' lang='lat' dir='ltr'>Nimirum</span> <span class='ocrx_word' id='word_1_224' title='bbox 1093 3682 1170 3737; x_wconf 90' lang='lat' dir='ltr'>ut</span> <span class='ocrx_word' id='word_1_225' title='bbox 1211 3672 1374 3736; x_wconf 88' lang='lat' dir='ltr'>alias</span> <span class='ocrx_word' id='word_1_226' title='bbox 1419 3680 1751 3749; x_wconf 82' lang='lat' dir='ltr'>taceamus</span> <span class='ocrx_word' id='word_1_227' title='bbox 1791 3669 2240 3759; x_wconf 78' lang='lat' dir='ltr'>difficultates,</span> 
     </span>
     <span class='ocr_line' id='line_1_35' title="bbox 191 3755 2243 3845; baseline 0.001 -21"><span class='ocrx_word' id='word_1_228' title='bbox 191 3759 441 3841; x_wconf 86' lang='lat' dir='ltr'>quibus</span> <span class='ocrx_word' id='word_1_229' title='bbox 506 3780 586 3823; x_wconf 88' lang='lat' dir='ltr'>ea</span> <span class='ocrx_word' id='word_1_230' title='bbox 625 3759 813 3823; x_wconf 79' lang='lat' dir='ltr'>‘ratio</span> <span class='ocrx_word' id='word_1_231' title='bbox 870 3758 1248 3823; x_wconf 86' lang='lat' dir='ltr'>laboratura</span> <span class='ocrx_word' id='word_1_232' title='bbox 1301 3757 1577 3838; x_wconf 75' lang='lat' dir='ltr'>fuisset,</span> <span class='ocrx_word' id='word_1_233' title='bbox 1656 3778 1739 3820; x_wconf 90' lang='lat' dir='ltr'>ne</span> <span class='ocrx_word' id='word_1_234' title='bbox 1794 3755 1919 3823; x_wconf 89' lang='lat' dir='ltr'>hoc</span> <span class='ocrx_word' id='word_1_235' title='bbox 1978 3760 2243 3845; x_wconf 88' lang='lat' dir='ltr'>quidem</span> 
     </span>
     <span class='ocr_line' id='line_1_36' title="bbox 188 3841 2241 3930; baseline 0 -19"><span class='ocrx_word' id='word_1_236' title='bbox 188 3853 390 3929; x_wconf 80' lang='lat' dir='ltr'>pacto</span> <span class='ocrx_word' id='word_1_237' title='bbox 441 3841 706 3909; x_wconf 87' lang='lat' dir='ltr'>Graeca</span> <span class='ocrx_word' id='word_1_238' title='bbox 747 3844 987 3929; x_wconf 87' lang='lat' dir='ltr'>aliqua·</span> <span class='ocrx_word' id='word_1_239' title='bbox 1013 3844 1274 3926; x_wconf 83' lang='lat' dir='ltr'>civitas,</span> <span class='ocrx_word' id='word_1_240' title='bbox 1320 3842 1535 3927; x_wconf 86' lang='lat' dir='ltr'>qualis</span> <span class='ocrx_word' id='word_1_241' title='bbox 1580 3850 1680 3907; x_wconf 80' lang='lat' dir='ltr'>est</span> <span class='ocrx_word' id='word_1_242' title='bbox 1718 3842 1889 3908; x_wconf 84' lang='lat' dir='ltr'>haec.</span> <span class='ocrx_word' id='word_1_243' title='bbox 1922 3843 2241 3930; x_wconf 86' lang='lat' dir='ltr'>Platonis,</span> 
     </span>
     <span class='ocr_line' id='line_1_37' title="bbox 189 3927 2241 4017; baseline 0.001 -21"><span class='ocrx_word' id='word_1_244' title='bbox 189 3929 542 3996; x_wconf 84' lang='lat' dir='ltr'>commode</span> <span class='ocrx_word' id='word_1_245' title='bbox 584 3931 915 4017; x_wconf 84' lang='lat' dir='ltr'>potuisset</span> <span class='ocrx_word' id='word_1_246' title='bbox 971 3929 1234 4017; x_wconf 84' lang='lat' dir='ltr'>depingi</span> <span class='ocrx_word' id='word_1_247' title='bbox 1285 3938 1352 3993; x_wconf 91' lang='lat' dir='ltr'>et</span> <span class='ocrx_word' id='word_1_248' title='bbox 1393 3927 1651 4015; x_wconf 80' lang='lat' dir='ltr'>legibus</span> <span class='ocrx_word' id='word_1_249' title='bbox 1696 3929 1961 4014; x_wconf 87' lang='lat' dir='ltr'>optimis</span> <span class='ocrx_word' id='word_1_250' title='bbox 2006 3934 2241 3999; x_wconf 86' lang='lat' dir='ltr'>ornari.</span> 
     </span>
     <span class='ocr_line' id='line_1_38' title="bbox 189 4012 2243 4103; baseline 0.003 -24"><span class='ocrx_word' id='word_1_251' title='bbox 189 4016 431 4103; x_wconf 82' lang='lat' dir='ltr'>Itaque</span> <span class='ocrx_word' id='word_1_252' title='bbox 493 4016 982 4103; x_wconf 87' lang='lat' dir='ltr'>sapientissime</span> <span class='ocrx_word' id='word_1_253' title='bbox 1039 4014 1481 4101; x_wconf 87' lang='lat' dir='ltr'>philosophus</span> <span class='ocrx_word' id='word_1_254' title='bbox 1530 4012 1793 4079; x_wconf 86' lang='lat' dir='ltr'>Cretam</span> <span class='ocrx_word' id='word_1_255' title='bbox 1837 4014 1993 4080; x_wconf 86' lang='lat' dir='ltr'>fecit</span> <span class='ocrx_word' id='word_1_256' title='bbox 2034 4028 2243 4086; x_wconf 83' lang='lat' dir='ltr'>nova‘e</span> 
     </span>
     <span class='ocr_line' id='line_1_39' title="bbox 187 4098 2244 4184; baseline 0.002 -17"><span class='ocrx_word' id='word_1_257' title='bbox 187 4102 480 4169; x_wconf 83' lang='lat' dir='ltr'>civitatis</span> <span class='ocrx_word' id='word_1_258' title='bbox 527 4102 779 4184; x_wconf 87' lang='lat' dir='ltr'>sedem,</span> <span class='ocrx_word' id='word_1_259' title='bbox 831 4102 959 4166; x_wconf 89' lang='lat' dir='ltr'>hoc</span> <span class='ocrx_word' id='word_1_260' title='bbox 1001 4112 1105 4168; x_wconf 86' lang='lat' dir='ltr'>est</span> <span class='ocrx_word' id='word_1_261' title='bbox 1145 4124 1287 4168; x_wconf 89' lang='lat' dir='ltr'>eam</span> <span class='ocrx_word' id='word_1_262' title='bbox 1333 4111 1612 4183; x_wconf 82' lang='lat' dir='ltr'>terram,</span> <span class='ocrx_word' id='word_1_263' title='bbox 1658 4122 1829 4183; x_wconf 87' lang='lat' dir='ltr'>quae</span> <span class='ocrx_word' id='word_1_264' title='bbox 1874 4111 1942 4164; x_wconf 88' lang='lat' dir='ltr'>et</span> <span class='ocrx_word' id='word_1_265' title='bbox 1987 4098 2244 4171; x_wconf 85' lang='lat' dir='ltr'>Graeca</span> 
     </span>
     <span class='ocr_line' id='line_1_40' title="bbox 187 4183 2243 4275; baseline 0.001 -19"><span class='ocrx_word' id='word_1_266' title='bbox 187 4199 400 4274; x_wconf 83' lang='lat' dir='ltr'>esset,</span> <span class='ocrx_word' id='word_1_267' title='bbox 463 4204 534 4255; x_wconf 92' lang='lat' dir='ltr'>et</span> <span class='ocrx_word' id='word_1_268' title='bbox 579 4212 620 4255; x_wconf 87' lang='lat' dir='ltr'>a</span> <span class='ocrx_word' id='word_1_269' title='bbox 663 4188 1046 4257; x_wconf 83' lang='lat' dir='ltr'>continente</span> <span class='ocrx_word' id='word_1_270' title='bbox 1090 4186 1352 4275; x_wconf 87' lang='lat' dir='ltr'>longius</span> <span class='ocrx_word' id='word_1_271' title='bbox 1434 4185 1765 4269; x_wconf 85' lang='lat' dir='ltr'>disiuncta</span> <span class='ocrx_word' id='word_1_272' title='bbox 1836 4183 2243 4275; x_wconf 88' lang='lat' dir='ltr'>Graecisque</span> 
     </span>
    </p>
   </div>
   <div class='ocr_carea' id='block_1_8' title="bbox 1757 4285 1812 4350">
    <p class='ocr_par' dir='ltr' id='par_1_8' title="bbox 1757 4285 1812 4350">
     <span class='ocr_line' id='line_1_41' title="bbox 1757 4285 1812 4350; baseline 0 0"><span class='ocrx_word' id='word_1_273' title='bbox 1757 4285 1812 4350; x_wconf 92' lang='lat' dir='ltr'>C</span> 
     </span>
    </p>
   </div>
  </div>
 </body>
</html>
