2857 4738
68 3961 74 4162 k

67 4163 402 4415 lg

708 330 750 391 6
1351 322 2067 416 -ARGUMENTUM
2164 278 2173 293 ’

715 498 974 578 civium,
1023 498 1113 561 ita
1157 508 1250 578 ut,
1299 505 1615 579 quantum
1664 496 1805 561 fieri
1850 496 2095 581 possit‚'
2132 497 2415 581 improbi
2464 517 2697 577 arcean·
2786 510 2788 517 '

711 592 817 648 tur
877 584 978 649 vel
1035 583 1340 648 aliorsum
1386 582 1513 647 rele
1561 591 1791 671 entur,
1850 606 1931 647 ne
1977 584 2133 649 boni
2177 604 2398 647 eorum
2440 586 2697 648 coi-rum*

711 680 949 757 pantur
1011 669 1422 754 contagione.
1516 604 1718 749 &uod
1764 691 1965 753 quum
2006 669 2125 751 iis,
2186 668 2301 751 qui
2344 668 2521 755 leges
2564 672 2698 737 scri-

713 758 912 836 bant,
977 755 1245 820 multam
1288 752 1523 817 afferat
1564 752 2058 838 difficultatem,
2105 765 2323 821 tamen·
2366 778 2535 819 nunc
2577 756 2697 841 qui-
2776 784 2780 809 ι

715 840 885 923 dem,
929 864 1129 924 quum
1175 840 1316 909 sola
1357 838 1671 913 oratione.
1715 864 1847 905 non
1888 864 1959 905 re
2004 840 2153 927 ipsa„
2194 862 2365 905 nova
2406 839 2695 915 condatur

713 928 986 1010 civium,
1047 948 1292 1012 ponere
1349 925 1443 989 ait
1482 925 1681 991 licere
1727 935 1926 1011 atque
1971 926 2254 1013 fingere,
2310 949 2539 1011 purum
2578 947 2695 991 esse

715 1014 1170 1096 sincerumque
1227 1032 1567 1075 numerum
1624 1010 1865 1097 civium
1912 1012 1981 1077 in
2038 1034 2119 1078 ea
2151 1017 2571 1097 'receptorum
2622 1014 2695 1095 (p.
2738 1074 2745 1081 ,

721 1100 864 1167 735.
921 1099 1005 1163 Α.
1054 1132 1136 1147 --
1183 1099 1326 1161 736.
1371 1094 1519 1179 (3.).
1636 1096 1983 1163 Praeterea
2052 1099 2248 1169 etiam
2320 1096 2535 1163 aliud«
2566 1096 2697 1181 quid
2787 1148 2788 1155 ,

719 1194 855 1266 est,
901 1183 1147 1267 inquit,
1222 1180 1400 1267 quod
1448 1182 1520 1247 in
1578 1204 1748 1249 nova
1818 1183 2087 1250 civitate
2142 1182 2487 1249 condenda
2538 1182 2699 1249 nobis
2778 1204 2789 1243 a

716 1270 1004 1335 faustum
1075 1268 1401 1337 acciderit.
1528 1268 1767 1353 Neque
1838 1270 2009 1335 enim
2078 1268 2175 1336 de
2238 1271 2431 1336 novis
2491 1266 2717 1333 tabulis'
2774 1320 2781 1327 .

717 1377 1149 1443 agrorumque
1240 1353 1565 1419 divisione
1648 1355 1797 1421 lites
1868 1365 1937 1420 et
1990 1355 2472 1425 controversiae
2536 1353 2699 1419 nobis
2787 1380 2788 1411 ι

713 1440 1099 1509 metuendae
1143 1450 1318 1521 sunt,
1363 1439 1687 1525 siquidem
1728 1454 1967 1507 novam
2006 1442 2339 1525 'civitatem
2381 1438 2700 1521 condituri,

717 1550 846 1593 non
891 1536 1179 1593 veterem
1230 1526 1514 1610 aliquam
1558 1526 1965 1592 emendaturi
2011 1548 2255 1593 sumuS.
2342 1526 2491 1591 Hoc
2531 1548 2701 1591 unum
2777 1548 2785 1556 ··

717 1614 920 1699 igitur
963 1612 1150 1677 nobis
1193 1610 1706 1697 providendum,
1752 1621 1829 1677 ut
1850 1636 1949 1692 ,ne
1992 1614 2303 1683 avaritiae
2350 1620 2543 1695 atque
2578 1634 2696 1675 mu·
2779 1636 2789 1675 .·.

717 1713 869 1763 tuae
913 1696 1286 1767 inimicitiae
1330 1698 1549 1763 aditus
1578 1696 1661 1761 ad
1694 1718 1835 1763 eam
1866 1692 2091 1785 pateat
2120 1710 2187 1765 et
2212 1708 2288 1765 ut
2314 1698 2529 1763 omnia
2554 1697 2701 1761 iusto

717 1786 856 1849 iure
915 1783 1414 1853 constituantur.
1515 1782 1717 1865 Quod
1772 1785 2047 1849 maxime
2088 1785 2185 1849 ita
2226 1786 2382 1866 fiet,
2446 1782 2501 1849 si
2542 1806 2701 1869 agro·
2779 1821 2784 1827 ·

719 1894 863 1936 rum
904 1868 1142 1935 divisio
1189 1870 1521 1953 sapienter
1563 1870 1941 1935 instituatur
2000 1872 2098 1955 (p.
2144 1874 2289 1937 736-
2340 1869 2421 1935 C.
2462 1907 2541 1917 —
2584 1871 2701 1933 737.

717 1956 798 2021 Β.
843 1956 1058 2032 extu).
1146 1954 1616 2031 Definiendum
1640 1956 1847 2043 igitur
1870 1965 2021 2021 ante
2059 1957 2277 2023 omnia
2316 1966 2445 2038 est,
2491 1966 2702 2040 quanta
2784 1982 2789 2019 ῑ

673 2042 960 2135 scivium
1014 2041 1366 2107 multitudo
1423 2064 1571 2107 esse
1628 2040 1905 2121 debeat3
1964 2042 2201 2109 deinde
2246 2039 2612 2126 videndum,
2648 2042 2699 2107 in

723 2137 888 2213 quot
955 2140 1173 2215 partes
1231 2128 1431 2193 iidem
1488 2128 1623 2193 sint
1678 2124 2151 2213 distribuendi3
2214 2128 2499 2215 denique
2538 2149 2700 2216 agros
2786 2196 2788 2203 ,

721 2224 790 2281 et
846 2214 1288 2281 habitationes
1348 2214 1522 2279 inter
1578 2235 1689 2279 eos
1747 2214 1999 2280 ratione
2060 2238 2254 2301 quam
2312 2216 2583 2291 maxime
2615 2237 2701 2279 ae·

721 2300 898 2388 quali
928 2300 1231 2367 distribui
1264 2300 1610 2388 oportebit.
1697 2300 1793 2366 Et
1817 2324 2163 2368 numerum
2184 2302 2452 2387 Quidem
2493 2301 2701 2367 civium
2784 2373 2786 2384 Ι

717 2411 836 2476 pro
894 2398 1106 2452 terrae
1158 2387 1609 2474 magnitudine
1666 2397 1739 2454 et
1788 2389 2127 2454 civitatum
2170 2391 2700 2454 circumiectarum
2784 2397 2786 2402 “

717 2475 974 2540 ratione
1033 2495 1352 2558 ponamus
1408 2473 1583 2538 hunc
1638 2495 1819 2551 esse,
1888 2483 1965 2539 ut
2036 2475 2327 2559 quinque
2400 2475 2615 2540 millia·
2652 2481 2703 2536 et
2784 2481 2786 2486 “

717 2557 1157 2644 quadraginta
1197 2559 1428 2642 (5040)
1470 2579 1751 2642 aequare
1796 2560 2224 2644 existimetur,
2272 2562 2390 2646 qui
2432 2571 2699 2626 numerus
2784 2591 2786 2640 g

718 2643 870 2709 ideo
929 2642 1191 2708 videtur
1247 2645 1535 2728 optimus
1592 2666 1775 2728 esse,
1834 2647 1988 2729 quia
2015 2647 2251 2712 ‘dividi
2308 2648 2385 2714 in·
2422 2646 2700 2734 plurimas
2784 2643 2786 2648 ’

631 2797 638 2806 ,
719 2737 941 2878 {artes
999 2737 1243 2814 potest.
1345 2728 1428 2792 In
1472 2728 1747 2796 totidem
1787 2731 1991 2817 igitur
2032 2741 2253 2819 partes
2298 2736 2495 2806 etiam
2538 2750 2701 2818 agros
2784 2751 2786 2756 ·

709 2847 718 2854 ·
767 2813 925 2878 ividi
989 2813 1431 2880 necessarium
1488 2815 1629 2880 erit.
1716 2818 1939 2900 Atque
1997 2818 2149 2884 hinc
2200 2819 2446 2918 pendet
2497 2813 2701 2884 deinde

719 2875 724 2882 ι

691 2900 972 2985 ‚reliqua
1013 2922 1236 2966 eorum
1278 2901 1345 2964 in
1390 2900 1632 2967 classes
1722 2903 2007 2968 uaedam·
2046 2895 2428 2992 descriptio.
2514 2905 2590 2968 In
2621 2903 2703 2970 his
2784 2907 2787 2916 '

723 2987 1024 3055 omnibus
1079 3008 1236 3051 vero
1293 2988 1669 3052 constituen
1718 2989 1774 3053 is
1838 2990 2031 3054 etiam
2076 3013 2412 3058 sacrorum
2456 2989 2700 3078 diligens
2782 3017 2786 3054 ,ι

715 3071 894 3148 ratio
939 3071 1242 3138 habenda
1279 3086 1402 3156 est,
1450 3072 1963 3159 curandumque,
2007 3085 2081 3140 ut
2110 3077 2259 3161 diis,
2308 3078 2704 3162 daemonibus

718 3168 786 3224 et
828 3158 1136 3225 heroibus
1198 3158 1346 3224 loca
1403 3159 1726 3244 quaedam
1780 3174 2268 3247 consecrentur,
2350 3167 2417 3230 in
2492 3163 2703 3250 quibus
2782 3203 2785 3224 ;

716 3243 1082 3310 habeantur
1125 3254 1511 3326 conventus,
1558 3245 1795 3330 quibus
1838 3247 2002 3313 nihil
2042 3260 2145 3316 est·
2184 3251 2433 3317 utilius·
2460 3253 2541 3318 ad
2582 3251 2703 3315 iun·
2782 3271 2784 3312 ς

719 3329 1000 3417 gendam
1060 3329 1575 3414 firmandamque
1630 3331 1873 3398 civium
1911 3333 2021 3399 ·ibi
2064 3335 2529 3416 confluentium
2570 3337 2705 3408 ami-

721 3415 944 3480 citiam
999 3424 1067 3480 et
1124 3415 1541 3488 concordiam
1586 3419 1682 3504 (p.
1732 3421 1873 3485 737.
1921 3418 2133 3496 (λ’-ὴ
2174 3426 2317 3498 738.
2358 3425 2493 3509 1⁴2).
2586 3423 2706 3488 Iam
2782 3447 2784 3452 ·

721 3522 878 3565 vero
936 3523 1136 3585 quum
1190 3502 1318 3567 tria
1374 3502 1506 3567 sint
1546 3505 2171 3591 rerumpublicarum
2214 3530 2492 3596 genera,
2530 3530 2707 3575 unum

723 3585 1036 3737 optimum
1081 3595 1150 3651 et
1193 3588 1755 3673 perfectissimum,
1797 3592 2095 3676 alterum,
2140 3595 2321 3679 quod
2346 3620 2480 3662 uno
2521 3592 2707 3684 gradu
2782 3617 2785 3656 :

722 3693 760 3736 a
850 3669 964 3736 illo
1011 3670 1236 3754 distat,
1280 3673 1545 3738 tertium
1584 3673 1902 3761 denique,
1976 3674 2155 3763 quod
2208 3680 2469 3749 'duobus
2512 3678 2706 3770 gradi·
2780 3703 2785 3740 1

723 3757 846 3824 bus
907 3757 990 3821 ab
1037 3757 1148 3823 illo
1191 3769 1513 3825 remotum
1554 3770 1685 3841 est3
1756 3762 1965 3830 videri
2009 3788 2166 3834 sane
2210 3766 2410 3834 debet
2456 3791 2531 3834 ea
2571 3764 2707 3832 civi·
2782 3817 2784 3824 .

723 3852 824 3909 tas
872 3842 1116 3930 optima
1160 3865 1339 3926 esse,
1397 3844 1465 3908 in
1526 3868 1657 3929 qua
1712 3847 2033 3925 bonorum
2090 3865 2155 3919 et
2210 3877 2484 3920 uxorum
2544 3861 2607 3918 et
2640 3849 2707 3914 li·
2780 3877 2784 3904 ÷

723 3930 1064 4011 berorum,
1123 3927 1407 4014 denique<
1446 3953 1660 3998 rerum
1689 3935 2028 4021 omnium,
2088 3941 2457 4012 communio
2513 3940 2705 4004 locum

723 4014 992 4098 habeat,
1047 4016 1139 4080 ita
1182 4024 1254 4080 ut
1298 4017 1769 4102 perfectissima
1811 4022 1899 4089 sit
1942 4025 2287 4092 universae
2330 4025 2705 4111 reipublicae

724 4101 1076 4168 concordia
1130 4111 1197 4168 et
1253 4103 1731 4170 convenientia.
1844 4105 1981 4174 Sed
2036 4133 2237 4194 quum
2290 4112 2439 4178 talis
2496 4108 2704 4176 civitas

649 4269 655 4272 η
719 4185 848 4254 ‚diis
907 4187 1008 4256 vel
1071 4185 1338 4256 deorum
1408 4189 1559 4257 filiis
1620 4193 2033 4260 attribuenda
2093 4196 2421 4279 videatur,
2478 4191 2705 4263 iuvabit
