2857 4738
1087 213 1098 236 Ι

466 336 596 402 DE
648 336 1291 428 LEGIBUS-1213.
1338 335 1498 400 VII.
1552 335 1624 401 P.
1673 341 1819 403 823.
1867 337 1965 405 St.
2103 341 2228 409 393

174 510 393 592 nolae)
448 517 570 595 μὲν
623 512 752 596 γάρ
795 511 831 594 ἡ
872 517 1000 579 τῶν
1036 515 1365 604 κἐνύδρων,
1418 511 1629 592 πολλὴ
1685 511 1752 579 δὲ
1801 513 1838 594 ἡ
1889 521 2018 584 τῶν
2063 543 2226 599 ατη--

182 616 369 689 vav:
404 613 729 699 πάμπολυ
783 619 849 680 δε
904 619 1011 678 καὶ
1070 612 1143 680 τὸ
1213 616 1359 696 περὶ
1408 612 1491 676 τά
1565 613 1725 693 πεζὰ
1769 617 2226 704 Ἴθηρεύματα,

170 711 253 778 οὐ
297 711 519 795 μόνον
566 722 610 775 0⁴)
628 721 847 798 ηρίων,
902 713 1075 780 ἀλλὰ
1108 719 1215 780 καὶ
1252 713 1371 794 τὴν
1427 715 1570 778 τῶν
1613 711 2008 799 ανθὸιόπων
2035 718 2227 798 ἄξιον

166 822 429 880 ἐννοεῖν
491 816 749 898 θήραν,
809 816 927 894 τήν
986 841 1049 880 τε
1108 816 1279 880 κατὰ
1337 817 1660 896 πόλεμον,
1719 816 1931 898 πολλὴ
1993 825 2060 886 ὸὲ
2113 847 2224 886 και

170 913 210 992 ἡ
274 915 451 980 κατὰ
508 921 741 1002 φιλίαν
800 916 1193 997 θηρεύουσα
1252 914 1289 994 ἡ
1349 921 1472 996 μὲν
1526 920 1821 994 ἔπαυον,
1879 918 1918 999 ὴ
1976 926 2043 986 δὲ
2091 921 2221 1006 ψό-

164 1042 295 1098 γον
358 1022 521 1112 ἔχει·
574 1021 685 1082 καὶ
742 1022 1055 1085 κλωπεῖαι
1112 1023 1219 1082 και
1276 1018 1534 1106 λῃστῶν
1589 1046 1694 1083 και
1757 1027 2226 1101 στρατοπέδων

162 1121 654 1201 στοατοπεδοις
719 1122 961 1203 θῆραι.
1032 1116 1255 1202 ι’)ηρας
1312 1121 1418 1184 δέ
1431 1127 1576 1200 πὲρι
1641 1127 1906 1186 τιθέντι
1963 1126 2056 1205 τῷ
2111 1149 2216 1190 νο·
2269 1126 2324 1187 G

79 1333 89 1344 -
168 1330 255 1377 pr.
305 1309 391 1369 Ω,
428 1321 487 1362 ut
523 1315 735 1378 scripsit
776 1330 915 1364 unus
954 1313 1327 1374 Schneiderus
1393 1314 1538 1363 Dein
1579 1301 1759 1380 Stepb.
1813 1327 1865 1368 et
1904 1321 2090 1370 Astius
2130 1318 2223 1385 τήν

169 1401 235 1446 γε
274 1383 553 1444 legendum
593 1391 827 1432 censent.

316 1453 419 1499 καὶ
456 1453 790 1516 κλωπεῖαι]
836 1452 1065 1501 nouerat
1104 1451 1227 1500 Vat.
1265 1467 1308 1500 r.
1344 1458 1397 1500 et
1433 1466 1572 1503 corr.
1614 1455 1682 1500 A.

320 1521 790 1585 στρατοπέδων
836 1513 1351 1586 στρατοπέδοις]
1387 1519 1533 1572 Fort.
1575 1518 1631 1570 ἐν
1670 1521 2054 1584 στρατοπέδοις.

166 1671 343 1737 peis-e,
394 1676 593 1726 omisso
630 1682 755 1727 ante
802 1672 930 1724 κατὰ
964 1643 1147 1738 ¹:pellan

166 1745 435 1804 articulo,
484 1747 559 1793 ita
596 1752 654 1794 ut
690 1748 919 1831 denique
964 1761 1147 1810 seque-

166 1821 348 1866 retur:
403 1808 433 1877 ἦ
469 1811 561 1873 μὲν
598 1815 837 1873 ἔπαινοι,
890 1809 920 1880 ἡ
960 1812 1015 1864 δὲ
1048 1812 1146 1875 ψό-

166 1899 273 1946 γον
349 1882 557 1945 ἔχουσα.
643 1885 897 1935 Fatemur
970 1883 1148 1934 locum

163 1953 314 2002 hunc
370 1968 589 2017 prorsus
643 1971 761 2005 esse
823 1956 1149 2018 singularem

162 2029 337 2085 atque
368 2029 475 2078 tam
508 2025 839 2088 negligenter
875 2027 1148 2088 scriptum,

163 2099 259 2154 nt,
308 2095 551 2156 quamvis
588 2093 791 2158 Legum
845 2110 977 2159 opus
1016 2109 1144 2143 aua-

164 2161 404 2212 coluthis
468 2165 641 2213 omnis
696 2165 910 2227 generis
974 2177 1144 2226 paene

162 2230 423 2280 refertum
464 2234 551 2295 sit,
589 2240 765 2282 tamen
792 2236 885 2282 vix
922 2247 1160 2297 usquam‘

164 2302 227 2349 in
283 2315 348 2349 eo
397 2302 571 2351 simile
618 2304 887 2367 quiddam·
925 2303 1144 2381 reperiri

150 2386 333 2437 ,posse
407 2372 667 2421 videatur.
776 2357 1141 2422 Nihilominus

162 2442 331 2505 plane
368 2442 523 2490 nobis
566 2444 925 2505 persuasimus
964 2444 1143 2493 omnia

164 2524 290 2558 esse
337 2510 548 2573 integra
592 2516 660 2562 ac
706 2514 941 2574 sincera,
986 2518 1043 2561 ut
1081 2527 1145 2561 ne

164 2580 445 2629 levissima
482 2581 1003 2643 quidemverborum
1034 2596 1144 2629 mu-

164 2649 307 2697 tatio
358 2652 663 2699 necessaria
696 2652 972 2700 *videntum
1044 2649 1141 2697 Ni-

162 2719 363 2768 mirum
401 2717 533 2768 haec
572 2735 784 2783 quoque
828 2720 1143 2769 confirmant

164 2788 305 2836 satis
336 2796 499 2849 certo,
530 2805 711 2839 verum
744 2805 860 2839 esse
879 2790 1022 2853 quod
1052 2787 1155 2837 ve-'

164 2864 314 2905 teres
368 2860 655 2923 scriptores
693 2862 978 2909 memoriae
1017 2874 1137 2920 pro-

163 2926 442 2986 diderunt,
489 2930 577 2991 qui
610 2928 887 2979 Platonem
925 2936 1143 2977 narrant

164 2996 273 3044 hoc
300 3010 432 3058 opus
471 2998 748 3061 reliquisse
777 2998 1142 3061 imperfectum

166 3080 349 3135 neque
396 3066 637 3117 limatum
674 3077 765 3117 aut
804 3067 1139 3133 perpolitum.
1168 3111 1187 3119 s

241 3202 348 3251 καὶ
418 3206 724 3257 κλωπεῖαι
773 3231 830 3241 -
883 3202 1186 3269 θῆραι.]ϋ

161 3272 332 3331 Quod
368 3289 475 3323 non
512 3276 674 3323 modo
712 3274 1007 3323 latronibus
1045 3274 1139 3322 sed

160 3344 328 3393 etiam
366 3344 622 3392 militibus
669 3343 972 3392 tribuuntur
1010 3343 1136 3389 κλω-

162 3416 331 3468 πεῖαι,
368 3412 556 3461 latiore
594 3428 755 3463 sensu
791 3414 1021 3475 positum
1058 3419 1149 3461 est‘

160 3481 515 3543 vocabulum,
564 3497 669 3544 quo
707 3495 813 3529 non
860 3483 1019 3531 modo
1058 3482 1136 3529 di-

160 3551 308 3599 eitur
344 3550 411 3598 de
450 3551 543 3611 iis,
571 3552 679 3613 ‘qui
727 3551 879 3600 alteri
930 3552 1136 3615 aliquid

158 3621 433 3679 furantur,
494 3620 868 3669 verumetiam
906 3622 971 3669 de
1008 3622 1135 3681 illis,

160 3690 259 3751 qni
322 3689 482 3737 alicui
553 3690 897 3738 clandestinis
960 3690 1134 3739 consi-

158 3760 253 3807 liis
310 3764 361 3804 et
412 3759 674 3807 insidiose
726 3759 932 3821 aliquid
986 3759 1132 3807 aufe-

133 3832 292 3877 'runt
316 3826 396 3874 vel
435 3842 555 3877 eum
589 3828 772 3877 furtim
808 3828 1134 3890 aggrediun-

156 3905 269 3949 tur.
344 3896 526 3977 Atque
562 3896 823 3946 similiter
846 3898 1004 3945 etiam
1034 3896 1133 3960 θη·

158 3967 284 4029 ρᾶι,
308 3964 586 4028 θηρασθαι
608 3981 671 4015 ac
698 3962 847 4030 θήρα
868 3966 1136 4047 usurpari,

158 4036 354 4087 velex
392 4033 703 4099 Sophocl.
733 4037 886 4085 Aiac.
924 4036 1000 4084 in.
1030 4040 1135 4084 πεῖ-

158 4102 263 4167 ράν
313 4097 412 4153 τιν’
470 4102 678 4168 ἐχθρῶν
742 4100 970 4167 ἁρπάσαι
1034 4104 1136 4168 θη·

158 4170 420 4237 ραὶμσισν,
458 4180 709 4223 constare
746 4174 927 4235 debet,
962 4174 1053 4225 ubl
1084 4191 1135 4221 v.

156 4242 451 4295 Lobeclx.
492 4243 797 4295 Molestiam
836 4258 961 4295 vero
996 4256 1138 4295 crea-

1246 1677 1323 1724 vit
1368 1676 1750 1739 interpretibus
1802 1678 1948 1728 istud
2002 1692 2215 1741 στρατο-

1246 1743 1442 1801 πέδοις,
1481 1746 1626 1807 quod
1649 1745 1932 1809 fuitquum
1955 1748 2056 1812 ipsi
2085 1764 2217 1811 quo·

1246 1831 1367 1880 que,
1410 1815 1588 1864 Astii
1627 1818 1839 1879 sequuti
1877 1818 2217 1880 sententiam,

1245 1900 1343 1947 pro
1382 1885 1667 1934 subditicio
1705 1885 2038 1937 haberemus.
2109 1886 2215 1936 Sed

1243 1954 1381 2003 nihil
1418 1969 1560 2003 nunc
1598 1954 1651 2002 in
1690 1953 1791 2003 hoc
1828 1958 2092 2006 vocabulo
2131 1957 2214 2005 in-

1245 2036 1362 2072 esse
1399 2029 1646 2084 putamus
1686 2024 1830 2086 quod
1867 2025 2024 2075 alicui
2060 2027 2214 2075 meri-

1247 2100 1301 2141 to
1369 2092 1542 2153 possit
1611 2093 1916 2154 scrupulum
1975 2095 2211 2144 iniicere.

1246 2161 1385 2212 Nam
1447 2161 1660 2211 dativus
1721 2161 1808 2210 hic
1861 2164 2213 2229 interpositus

1246 2239 1353 2292 est,
1414 2237 1474 2278 ut
1537 2230 1864 2294 significetur
1923 2234 2212 2282 exercitum

1244 2302 1311 2350 ab
1370 2301 1605 2349 exercitu
1655 2301 1786 2350 clam
1840 2303 2210 2352 circumveniri

1244 2381 1403 2436 atque
1465 2372 1687 2433 spoliari
1751 2372 1936 2421 solere.
2022 2373 2212 2435 Itaque

1241 2442 1391 2491 locus
1447 2443 1524 2489 sic
1573 2442 1920 2504 explicandus
1976 2444 2211 2491 videtur:

1242 2510 1446 2561 etiam
1485 2510 1674 2559 furta
1713 2517 1848 2559 tum·
1880 2512 2211 2562 latronum

1242 2587 1372 2629 tum
1416 2582 1830 2631 exercituum
1875 2582 2208 2631 adversus

1244 2651 1580 2699 exercitus
1618 2658 1767 2698 sunt
1804 2652 2207 2702 venationes.

1244 2716 1576 2782 Quamquam
1603 2728 1842 2783 praestat
1874 2721 2105 2771 fortasse
2128 2736 2209 2771 re-

1242 2787 1448 2850 fingere
1497 2790 1670 2838 locum
1707 2792 1814 2839 sic:
1866 2792 1948 2839 καὶ
1999 2805 2207 2852 στρατο·

1242 2854 1417 2905 πέδων
1439 2854 1494 2905 ἐν
1522 2857 1892 2918 στρατοπέδοις
1912 2859 2093 2923 θῆραι,
2107 2876 2212 2924 qua
2253 2860 2259 2864 ’

1244 2928 1614 2976 emendatione
1651 2927 1904 2977 facillime
1928 2930 2210 2992 expeditur

1243 2996 1526 3045 verborum
1587 2999 1911 3045 constructio
1970 3000 2208 3061 alioquin

1242 3067 1428 3129 utique
1481 3064 1736 3135 difficilis.
1825 3065 2209 3129 Significantur

1242 3145 1436 3199 autem,
1469 3151 1534 3185 ea
1553 3137 1759 3185 ratione
1777 3136 2027 3197 admissa,
2065 3135 2207 3183 clan-

1242 3206 1486 3254 destinae
1558 3204 1829 3254 hostilium
1907 3213 2208 3255 castrorum

1243 3275 1652 3337 aggressiones,
1715 3281 1773 3321 ut
1834 3274 1958 3323 inde
2023 3274 2208 3325 furtim

1243 3344 1444 3405 praeda
1477 3344 1732 3405 capiatur.
1804 3342 2016 3393 Etenim
2054 3358 2204 3404 στρα-

1245 3409 1437 3461 τόπεδα
1488 3427 1648 3476 quum
1704 3418 1756 3461 et
1807 3419 2028 3462 castra
2081 3414 2205 3473 sint,

1242 3489 1294 3530 et
1355 3484 1695 3529 exercitus
1761 3480 1862 3529 v‘el
1925 3483 2205 3541 milites;

1242 3548 1556 3599 vocabulum
1609 3566 1704 3612 per
1757 3549 2010 3615 dilogiam
2067 3565 2205 3601 nunc

1239 3628 1464 3682 utroque
1491 3634 1652 3668 sensu
1673 3621 1900 3681 positum
1932 3628 2028 3679 est,
2060 3620 2202 3685 quod

1238 3706 1345 3739 non
1400 3687 1654 3737 abhorret
1689 3690 1756 3739 ab
1803 3705 1899 3738 usu
1949 3690 2202 3754 loquendi

1238 3759 1453 3808 Platoni
1493 3761 1730 3823 proprio.
1787 3759 1964 3809 Etiam
2006 3773 2125 3808 mox
2151 3760 2226 3821 p.⁰

1234 3828 1353 3882 823.
1406 3828 1450 3875 E
1536 3829 1787 3879 κλωπείας
1850 3824 1901 3877 δ’
1955 3826 2010 3877 ἐν
2057 3842 2202 3890 χωρᾳ

1237 3898 1319 3947 καὶ
1371 3893 1531 3947 πόλει.
1605 3898 1711 3948 Pro
1766 3898 2003 3947 κλωπεῖαι
2055 3895 2201 3959 quod

1236 3969 1291 4017 iu
1362 3968 1512 4018 libris
1584 3967 1898 4031 quibusdam
1973 3964 2202 4014 κλοπειαι

1238 4038 1490 4100 scriptum
1549 4037 1770 4098 legitur,
1836 4034 2086 4097 exposuit
2136 4032 2200 4081 de

1240 4106 1339 4157 hac
1376 4106 1669 4173 scripturae
1705 4103 2066 4167 discrepantia
2086 4101 2200 4151 Lo-

1240 4175 1512 4225 beckius
1555 4172 1624 4223 ad
1661 4172 1948 4236 Phrynich
1989 4188 2037 4237 p.
2078 4171 2196 4227 591.
