2857 4738
2264 3 2291 5 -ψ-
2300 3 2327 8 ἡ
2336 3 2391 7 -v-
2402 3 2639 8 --—-——v-----<-v
2648 1 2834 9 *vv—w-

896 330 1017 398 ne
1061 331 1482 404 LEGIBUS
1535 289 1656 401 eie.
1825 367 1832 374 ·
2103 339 2284 404 xx1
2327 357 2336 364 ·

220 513 541 582 matur,
596 500 786 565 cuius
830 521 997 582 quae
1038 504 1143 566 vis
1190 504 1278 568 sit
1325 514 1390 568 et
1440 505 1967 590 magnificentia,
2017 508 2280 594 egregie

220 582 607 650 declaratur
652 609 716 672 p.
766 587 911 650 715.
958 587 1039 652 E.
1087 609 1230 672 sqq.
1293 590 1680 674 generali
1725 589 1880 653 illo
1925 600 2005 654 et
2060 614 2282 656 com-

224 671 465 734 muni
525 695 571 755 p
598 670 1017 753 rooemio,
1076 694 1209 755 quo
1264 695 1411 737 cum
1459 674 1637 738 cives
1679 688 1814 738 tum
1858 676 2282 760 magistratus

220 753 463 839 grandi
524 765 596 819 et
641 755 994 842 magnifica
1039 759 1333 822 oratione
1376 759 1758 840 monentur,
1818 768 1892 822 ut
1935 761 2281 826 refrenatis

221 848 288 903 et
333 841 656 904 coercitis
712 840 1185 925 cupiditatibus
1226 844 1363 908 suis
1409 845 1763 928 pravisque
1812 845 2096 928 partium
2144 856 2279 911 stu-

221 922 347 988 diis
398 925 679 1012 legem
730 927 862 1011 pie
907 939 1373 1012 sancteque
1432 943 2026 1012 revereantur,
2089 931 2281 1018 quip-

220 1032 299 1095 pe
378 1033 566 1094 quae
628 1010 715 1074 sit
757 1011 993 1077 mentis
1038 1014 1448 1096 rationisque
1493 1014 1773 1096 vicaria,
1832 1023 2033 1098 atque
2093 1016 2279 1081 iusti-

220 1095 381 1159 tiam
431 1094 757 1178 divinam,
804 1096 1284 1162 severissimam
1314 1097 1371 1160 le
1423 1117 1530 1162 um
1577 1100 2022 1198 neglectarum
2069 1101 2282 1166 vindi-

221 1203 400 1266 cem,
480 1179 779 1244 modeste
842 1181 1228 1268 suspiciant.
1344 1121 1544 1264 &uod
1621 1207 1848 1248 mirum
1933 1195 2037 1250 est
2104 1187 2280 1253 viros

222 1265 471 1330 doctos
521 1264 605 1328 ad
650 1265 825 1330 hunc
852 1288 1063 1354 usque
1092 1266 1263 1331 diem
1304 1268 1500 1352 plane
1545 1271 1984 1354 praeteriisse,
2034 1272 2280 1358 quippe

221 1351 334 1434 qui
396 1350 733 1418 iustitiam
778 1352 1231 1416 existimarunt
1284 1353 1478 1437 plane
1523 1355 1784 1420 silentio
1830 1357 2280 1422 transmissam

220 1457 369 1501 esse
404 1436 507 1518 ¹⁸²).
606 1437 700 1498 At
732 1436 1037 1501 nimirum
1074 1434 1639 1522 descriptam'eam
1679 1439 1784 1504 hic
1827 1449 2135 1526 putamus
2179 1441 2280 1506 lu-

220 1518 684 1587 culentissime
708 1569 727 1602 ,
788 1531 857 1586 et
917 1523 1013 1586 ita
1057 1521 1495 1608 descriptam,
1557 1533 1633 1588 ut
1686 1525 1878 1590 simul
1937 1535 2276 1612 appareat,

224 1627 429 1689 quam
502 1614 751 1668 arctam
802 1611 903 1670 ‘ea
972 1626 1121 1694 cum
1181 1609 1620 1693 temperantia
1672 1622 1740 1674 et
1783 1611 2028 1696 pietate
2075 1632 2278 1696 copu-

221 1690 545 1756 lationem
609 1690 865 1756 habeat.
970 1691 1062 1756 Et
1118 1693 1267 1776 quis
1322 1703 1425 1758 est
1481 1696 1638 1778 quin
1702 1695 1770 1759 id
1828 1697 2108 1780 fateatur
2152 1696 2280 1762 hoc

222 1776 381 1860 ipso
428 1776 615 1855 loce,
662 1776 731 1838 in
777 1798 909 1859 quo
982 1779 1255 1862 propius
1300 1778 1395 1842 -ad
1449 1781 1670 1866 leg-um
1729 1781 2150 1866 scriptionem
2215 1792 2281 1846 et

222 1860 857 1992 promulgationem«
874 1859 1232 1944 acceditur,
1280 1865 1523 1928 factum
1559 1889 1702 1930 esse
1749 1866 1943 1954 longe
1990 1866 2280 1952 pruden-

222 1945 522 2012 tissime.
638 1945 903 2010 Etenim
972 1947 1263 2012 iustitiae
1318 1949 1419 2013 vis
1479 1959 1544 2012 et
1601 1959 1833 2016 natura
1890 1974 2092 2035 quum
2143 1974 2278 2018 ma-

226 2035 408 2098 xime
476 2039 781 2096 cernatur
850 2031 921 2095 in
982 2031 1202 2119 legum
1274 2033 1695 2118 observantia
1767 2045 1834 2100 et
1887 2037 2279 2119 reverentia,

232 2115 539 2203 profecto
584 2116 824 2180 rationi
864 2116 1056 2202 plane
1114 2123 1215 2183 es't
1258 2129 1791 2204 consentaneum,
1885 2121 2018 2186 uod
2061 2121 2154 2186 ibi
2198 2121 2279 2186 de
2355 2189 2377 2208 ἀ

234 2225 315 2266 ea
373 2201 775 2266 luculentius
836 2201 1201 2300 exponitur.
1256 2201 1768 2288 ·Q,uamquam,
1816 2229 1836 2269 1
1929 2205 2110 2289 quod
2153 2206 2279 2269 iam

239 2295 436 2351 antea
480 2285 786 2368 vidimus,
850 2295 1043 2350 etlam
1092 2285 1244 2352 alibi
1316 2291 1738 2375 reperiuntur
1795 2289 2115 2373 quaedam
2211 2313 2281 2353 er

240 2373 651 2438 occasionem
696 2374 1117 2458 interspersa,
1165 2396 1335 2457 quae
1382 2373 1468 2437 ad
1513 2374 1639 2438 vim
1687 2383 2116 2457 naturamque
2161 2314 2280 2439 iiu-

240 2460 348 2523 ius
408 2458 664 2522 virtutis
738 2456 1190 2522 declarandam
1256 2458 1536 2525 valeant.
1643 2458 1894 2524 Facere
1960 2460 2133 2523 enim
2191 2460 2282 2523 ita

238 2543 409 2609 solet
464 2542 938 2628 philosophus,
1004 2547 1078 2608 ut
1122 2566 1275 2608 rem·
1308 2538 1578 2609 eandem
1625 2544 1788 2610 locis
1836 2545 2282 2631 compluribus

232 2630 475 2693 iterum
525 2629 891 2711 iterumque
950 2629 1260 2715 attingat,
1330 2651 1464 2712 quo
1529 2632 1670 2695 eius
1715 2629 2076 2717 descriptio
2120 2654 2280 2717 pau·

232 2715 417 2779 latim
490 2714 817 2779 efficiatur
887 2712 1177 2799 plenior·
1215 2718 1283 2779 e‘t
1352 2716 1722 2798 perfectior.
1857 2716 2106 2781 Verum
2182 2716 2281 2781 his

230 2799 454 2865 missis
498 2799 832 2885 pergimus
878 2798 963 2861 ad
1025 2799 1167 2863 alia.
1255 2800 1628 2865 Pertexitur
1669 2801 1872 2887 igitur
1921 2802 2102 2865 filum
2151 2800 2283 2867 dis-

232 2884 603 2973 putationis
666 2882 980 2969 deinceps
1026 2883 1199 2949 hune
1246 2886 1644 2963 incmo'dum.
1735 2887 2069 2951 Absoluta
2111 2887 2280 2951 enim

232 2970 568 3036 communi
642 2968 753 3032 illa
834 2969 1072 3034 civium
1146 2970 1639 3052 cohortatione,
1727 2969 1809 3036 de
1885 2994 2017 3055 qua
2086 2971 2282 3035 modo

232 3056 484 3121 dictum
530 3060 657 3136 est,
706 3053 944 3119 deinde
990 3054 1155 3117 aliae
1200 3078 1465 3144 quoque
1522 3054 1852 3120 orationes
1907 3055 2281 3121 consimiles

232 3142 769 3222 subsequuntur,
829 3139 1068 3224 quibus
1126 3140 1476 3224 exponitur
1531 3139 1613 3204 de
1657 3140 1897 3204 officiis
1955 3138 2039 3201 ad
2078 3139 2283 3205 virtu-

189 3244 207 3251 *
228 3237 371 3317 ,tem
436 3223 701 3288 civilem
749 3224 1136 3309 explendam
1180 3226 1624 3311 gravissimis,
1693 3222 1774 3297 de
1837 3224 2017 3287 cultu
2063 3233 2130 3289 et
2169 3248 2282 3291 ve-

232 3310 581 3376 neratione
625 3308 917 3390 deorum,
966 3308 1047 3373 de
1088 3310 1333 3458 pietate
1378 3332 1538 3395 erga
1631 3316 1913 3391 arentes,
1962 3307 2042 3373 de
2089 3308 2280 3375 iustis

234 3395 503 3476 liberis,
564 3394 907 3479 cognatis,
956 3394 1082 3458 civi

234 3480 543 3552 omnibus
604 3501 669 3563 p.
726 3480 872 3547 718.
934 3477 1010 3545 C.
1070 3479 1416 3544 subiicitur
1490 3477 1848 3565 disputatio
1915 3477 2284 3546 de·talium

282 3564 723 3649 rooemiorugn
771 3560 1053 3628 utilitate
1098 3587 1175 3628 ac
1210 3563 1624 3629 necessitate.
1719 3565 1883 3628 Vult
1925 3568 2093 3629 enim
2139 3565 2282 3652 phi-

234 3591 557 3737 lbsophus
619 3648 836 3735 legum
899 3649 1323 3735 scriptionem
1382 3672 1514 3713 non
1593 3672 1731 3715 eam
1790 3659 2040 3717 tantum
2111 3672 2278 3730 esse,

236 3758 407 3820 quae
468 3734 536 3799 vi
584 3745 782 3821 cogat
826 3733 905 3798 ad
954 3734 1261 3798 obeunda
1304 3734 1520 3811 civilia
1564 3736 1858 3821 negotia,
1927 3740 2043 3802 sed
2087 3737 2279 3800 etiam

234 3820 586 3899 moralem,
649 3841 818 3903 quae
864 3820 1113 3885 animos
1160 3820 1399 3884 civium
1447 3819 1533 3883 ad
1577 3820 1883 3886 virtutem
1929 3821 2100 3886 ultro
2147 3843 2282 3887 am-

232 3904 658 3993 plectendam
736 3915 804 3970 et
877 3904 1219 3971 amandam
1294 3906 1527 3971 incitet
1598 3914 1663 3970 et
1703 3905 1810 3995 ,ad
1872 3907 2090 3992 legum
2163 3906 2280 3971 ob-

300 4186 355 4244 *)
392 4184 457 4235 V.
498 4184 825 4245 Diltheyd
886 4200 926 4235 o.
965 4200 1013 4247 p.
1055 4179 1136 4233 16.
1181 4196 1293 4245 sqq.
1338 4179 1573 4232 Zeller.
1617 4178 1770 4231 stud.
1805 4179 1939 4233 l‘lat.
1981 4194 2028 4243 p.
2068 4178 2137 4231 52
2166 4156 2277 4242 sqq.

1133 3416 1211 3457 us
1256 3405 1564 3479 praestan
1617 3394 1707 3474 is,
1767 3392 1930 3459 aliis
2023 3392 2282 3478 Quibus
2331 3446 2338 3455 .
