2857 4738
630 302 759 367 XC
1295 302 1477 368 PRO
1490 300 1673 369 LEG
1684 303 2027 371 OMENA

633 473 942 560 colligere
1003 468 1235 555 lice-at,
1299 474 1667 540 orationem
1722 496 1869 539 esse
1910 473 2035 538 hoc
2082 472 2149 539 in
2196 494 2437 559 genere
2484 476 2681 541 vitio-

631 584 788 629 sam.
876 559 1292 643 Quamquam
1344 582 1473 624 non
1524 568 1625 623 est
1667 558 2099 640 diffitendum,
2146 559 2417 645 reperiri
2462 560 2573 633 hie
2618 571 2690 625 et

631 646 802 729 illic,
864 668 1032 729 quae
1079 646 1292 709 minus
1339 644 1609 709 definite
1652 654 1723 709 et
1764 653 2107 725 accurate,
2170 666 2364 728 quam
2424 670 2549 731 pro
2611 669 2685 711 re

631 741 784 796 nata
854 732 1094 810 velleS‚
1152 731 1493 803 enuntiata
1549 740 1725 795 sunt.
1816 728 1953 796 Sed
1998 728 2161 817 haec
2204 729 2467 814 quidem
2514 733 2687 797 alius

631 828 784 881 sunt
832 817 1094 903 generis
1119 837 1336 899 neque
1383 814 1610 879 referri
1642 815 1884 881 debent
1927 814 2015 878 ad·
2058 814 2455 901 hyperbolae
2486 840 2681 884 usum

629 902 1050 967 temerarium·
1093 910 1208 969 aut
1249 901 1564 986 ineptum.
2156 926 2163 931 ·

801 1071 1200 1157 Accedimus
1257 1070 1349 1147 ad·
1399 1066 1673 1135 alterum
1730 1068 1936 1153 illud,
1987 1070 2163 1155 quod
2214 1071 2283 1135 in
2331 1070 2683 1137 universae

633 1158 950 1225 orationis
1009 1158 1241 1223 habitu
1301 1156 1608 1222 vitiosum
1667 1164 2012 1234 notarunt-3
2074 1156 2156 1229 de
2198 1180 2329 1242 quo
2375 1181 2438 1221 v.
2484 1156 2683 1221 Zel-

631 1244 864 1310 lerus
925 1245 1080 1309 l.-c.
1115 1268 1190 1328 .p.
1255 1245 1356 1306 76.
1403 1264 1504 1326 sq.
1604 1240 1853 1305 Putant
1914 1242 2089 1306 enim
2146 1264 2291 1306 eam
2349 1264 2678 1328 saepenu-

633 1352 810 1403 mero
859 1329 1052 1395 nimis
1097 1329 1604 1393 amfractuosam
1650 1336 1717 1391 et
1758 1349 1928 1391 vano
1974 1338 2215 1392 conatu
2258 1350 2377 1413 per
2420 1327 2682 1414 longio-

631 1438 732 1481 res
806 1416 1118 1501 ambages
1176 1413 1443 1478 ductam
1498 1434 1667 1477 esse.
1767 1410 1877 1475 In.
1921 1435 2053 1495 quo
2112 1413 2239 1477 etsi
2311 1414 2469 1477 item
2537 1415 2701 1478 veri.

630 1500 944 1585 quiddam
996 1502 1194 1582 inest,
1243 1498 1567 1583 siquidem
1618 1520 1819 1583 supra
1862 1496 2147 1563 vidimus
2196 1520 2563 1563 sermonem
2610 1508 2688 1563 et

631 1585 853 1651 senilis
925 1583 1274 1650 facundiae
1353 1584 1637 1669 speciem
1726 1584 1969 1646 referre
2034 1591 2105 1647 et
2182 1582 2269 1647 ad
2341 1584 2687 1670 popularis

627 1670 1103 1755 intelligentiae
1163 1679 1424 1753 captum
1486 1685 1633 1735 esse
1692 1668 2167 1752 compositum,
2230 1678 2447 1733 tamen
2504 1691 2685 1753 quae

628 1757 890 1845 singula
945 1754 1027 1818 ad
1086 1753 1495 1841 arguendum
1556 1754 1683 1819 hoc
1739 1754 1995 1818 vitium·
2026 1754 2095 1817 in
2154 1752 2437 1819 medium
2480 1754 2690 1819 allata

629 1852 820 1922 sunt,
883 1863 962 1905 ea
1005 1852 1186 1905 certe
1243 1841 1306 1905 vi
1353 1838 1675 1925 probandi
1723 1837 1963 1927 idonea
2004 1838 2138 1903 fere
2184 1861 2408 1921 carere
2452 1841 2685 1909 existi-

628 1948 900 1991 mamus.
1007 1924 1203 2008 Quod
1268 1946 1497 1989 rursus
1542 1925 1637 1989 ita
1682 1922 1921 1989 docere
1966 1923 2205 2010 placet,
2264 1924 2683 2011 ut-singulo·

629 2036 769 2075 rum
813 2012 1106 2075 locorum
1151 2021 1486 2094 tamquam
1534 2031 1801 2075 censum
1847 2012 2137 2093 agamus.
2230 2008 2428 2090 Quod
2472 2011 2692 2097 igitur.

509 2114 519 2123 ·
627 2097 908 2197 primum
988 2096 1116 2159 huc
1188 2092 1377 2160 relati
1450 2105 1607 2171 sunt
1670 2095 1718 2158 ii
1774 2095 1945 2175 loci,
2024 2096 2095 2160 in
2176 2094 2415 2181 quibus
2472 2119 2685 2163 unum

626 2183 932 2266 idemque
989 2182 1184 2246 simul
1245 2191 1310 2245 et
1364 2180 1672 2267 negando
1716 2189 1785 2244 et
1824 2178 2217 2245 affirmando
2262 2180 2683 2266 exprimitur,

629 2278 704 2333 ut
766 2264 948 2334 Libr.
1011 2266 1137 2331 IV.
1197 2291 1260 2353 p.
1325 2268 1468 2331 718.
1529 2266 1613 2331 D.
1688 2270 1781 2348 μή
1825 2273 2021 2349 μέγα,
2070 2266 2357 2350 σμικρὸν
2402 2272 2501 2334 δέ.
2545 2267 2681 2332 VI.

675 2407 688 2422 .
749 2357 892 2421 754.
965 2354 1042 2418 E.
1113 2352 1206 2436 μὴ
1253 2352 1495 2434 καλήν,
1552 2351 1685 2418 ἀλλ’
1736 2352 2053 2436 αἰσχράν,
2118 2350 2401 2418 est-hoc
2462 2374 2685 2440 genus

549 2476 558 2484 ·
625 2380 938 2523 loquendi
996 2440 1296 2525 profecto
1373 2434 1655 2502 Graeci-s
1736 2436 1903 2502 adeo
1977 2437 2506 2520 frequentatum,
2596 2451 2677 2504 ut

629 2526 806 2590 nullo
853 2535 1047 2610 pacto
1093 2524 1573 2604 intelligamu8‚
1622 2545 1737 2588 cur
1780 2522 1943 2586 illud
1984 2523 2052 2586 in
2102 2523 2397 2609 Legibus
2424 2522 2679 2589 Plato-

627 2613 729 2674 nis
783 2607 978 2673 alicui
1039 2608 1407 2694 displiceat.
1521 2606 1649 2671 Cui
1722 2608 1891 2672 enim
1965 2609 2192 2694 ignota
2256 2618 2411 2676 sunt
2480 2609 2681 2674 talia:

626 2693 1016 2780 Sophocl.
1074 2692 1242 2758 Oed.
1287 2693 1455 2780 Tyn·
1506 2715 1565 2755 v.
1617 2695 1799 2759 1230.
1846 2697 2011 2758 ἑκών
2056 2689 2463 2759 κου’κᾶκων.
2494 2692 2675 2761 Oed.

518 2829 524 2840 .
629 2779 773 2844 Col.
809 2803 894 2846 ·v.
969 2779 1116 2842 935.
1177 2782 1300 2860 βίᾳ
1378 2802 1447 2843 τε
1508 2777 1671 2863 κούχ
1726 2777 1911 2846 ἑκών.
1966 2777 2047 2843 de
2108 2780 2349 2864 quibus
2409 2789 2681 2865 praeter

628 2866 794 2930 alios
855 2864 1211 2949 explicavit
1269 2863 1715 2950 Reisigius
1774 2887 1923 2928 ann.
1986 2864 2141 2928 crit..
2172 2864 2257 2928 ad
2304 2862 2475 2930 Oed.
2520 2862 2679 2932 Col.

627 2976 689 3037 p.
722 2949 915 3016 20:331>
998 2953 1136 3014 Aut
1181 2950 1329 3038 quis
1362 2947 1657 3014 offendat
1702 2951 1767 3014 in
1800 2949 2163 3014 Platonicis
2210 2950 2337 3016 illis
2374 2948 2676 3036 Sophist.

678 3086 691 3100 .
741 3037 884 3100 216.
934 3034 1011 3100 C.
1046 3036 1162 3116 ’μὴ
1205 3039 1513 3111 πλαστῶς
1554 3035 1686 3099 ἀλλ’
1738 3035 1947 3122 ὅντως
1992 3034 2415 3123 φιλόσοφοι.-
2480 3035 2677 3122 Reip.

625 3061 746 3186 ζῙΙ.
799 3145 860 3204 p.
918 3124 1066 3185 485.
1118 3121 1198 3184 Ι).
1245 3117 1338 3199 μὴ
1381 3123 1859 3202 πεπλασμένως
1898 3120 2031 3184 ἀλλ’
2078 3120 2383 3204 ἀληθῶς,
2428 3121 2679 3206 quibus

626 3206 1021 3272 simillimum
1082 3217 1182 3271 est
1239 3205 1420 3270 istud
1484 3206 1693 3292 Legg.
1776 3205 1831 3269 Ι.
1891 3229 1955 3306 p.
2026 3207 2173 3273 642.
2238 3206 2315 3270 O.
2386 3211 2685 3285 άληθῶς

625 3297 736 3357 καὶ
795 3289 944 3357 οὔτι
1008 3295 1314 3366 πλαστῶς
1385 3296 1553 3356 εἰσὶν
1616 3293 1925 3372 οὶγαῦοῐέ
2032 3290 2365 3372 Quocirca
2421 3290 2501 3356 de
2564 3292 2681 3357 his

625 3375 885 3460 quidem
935 3377 1136 3442 verbo
1181 3375 1515 3441 monuisse
1562 3376 1722 3442 satis
1769 3377 1910 3440 erit.
2004 3377 2241 3460 Neque
2285 3399 2441 3442 vero
2486 3388 2675 3444 recte
2749 3397 2761 3406 ·

623 3462 751 3526 huc
831 3462 1226 3546 pertraxeris
1301 3483 1492 3526 usum
1552 3463 1940 3548 epexegesis
2003 3463 2187 3528 Libr.
2265 3461 2319 3526 I.
2394 3485 2458 3547 p.
2516 3465 2676 3530 647.

626 3548 708 3610 Ι).
779 3545 908 3613 111.
968 3571 1029 3632 p.
1079 3550 1222 3611 687.
1273 3545 1350 3613 C.
1399 3549 1544 3611 696.
1594 3551 1675 3612 A.
1708 3547 1837 3630 .al.'‚
1899 3570 2069 3632 quae
2122 3571 2173 3612 a
2215 3548 2554 3616 Zellero
2603 3573 2671 3634 p.

624 3634 723 3694 77.
779 3641 1110 3716 tamquam
1172 3632 1525 3704 insolentia
1566 3642 1897 3696 notantur.
1990 3633 2385 3699 Talis-enim
2428 3655 2463 3697 e
2512 3656 2673 3698 exe·

667 3718 796 3782 esis
841 3740 1152 3803 perquam
1197 3719 1443 3783 usitata
1470 3727 1591 3801 est,
1636 3726 1711 3781 ut
1754 3717 1908 3782 alibi
1938 3718 2367 3798 ostendimus.
2516 3733 2697 3784 orro‘

620 3742 706 3867 ΞΘ
751 3801 914 3868 Iocis
959 3803 1144 3868 Libr.
1194 3803 1284 3869 II.
1334 3829 1394 3889 p.
1444 3807 1589 3868 660.
1640 3811 1720 3866 A.
1770 3803 1889 3880 τήν
1934 3807 2005 3870 δὲ
2050 3807 2181 3868 τῶν
2224 3805 2536 3886 πονηρῶν
2584 3843 2671 3852 -

622 3897 696 3952 ὲν
735 3889 988 3967 ἀηδέσι.
1032 3889 1117 3952 V.
1147 3915 1227 3976 p.
1280 3892 1420 3954 740.
1476 3888 1559 3951 Ι).
1605 3886 1646 3966 ἢ
1690 3901 1835 3964 τοῖς
1866 3893 2254 3954 ἐλλείπουσι.
2303 3888 2359 3952 Ι.
2407 3915 2468 3974 p.
2518 3893 2667 3956 632.

623 3973 707 4036 D.
758 3987 902 4050 τοῖς
945 3977 1015 4040 δὲ
1057 3973 1477 4056 ἄλλοις-ἡμῖν
1524 4007 1601 4020 ———-
1648 3977 2030 4061 καταᾳανῆ.
2083 3974 2234 4038 VII.
2285 3999 2357 4061 p..
2394 3978 2539 4040 816.
2586 3976 2666 4041 E.

621 4058 852 4124 κοινὸν
913 4063 996 4124 ὄὲ-
1039 4060 1150 4124 ’ἀεί
1197 4085 1258 4124 τι
1306 4062 1682 4142 φαίνεσθαι
1731 4084 1788 4123 κ.-
1838 4085 1892 4122 τ.
1940 4064 1997 4122 λ.
2060 4059 2369 4125 consulas
2414 4083 2667 4144 quaeso

619 4141 1142 4222 Commentarios
1187 4156 1485 4223 nostros,
1530 4167 1623 4206 ae
1671 4145 1863 4208 facile
1906 4143 2182 4230 videbiS,
2232 4169 2311 4208 ne
2362 4144 2469 4211 hic
2520 4148 2663 4230 qui-
2764 4153 2773 4160 “
