<?xml version="1.0" encoding="UTF-8"?>
<!DOCTYPE html PUBLIC "-//W3C//DTD XHTML 1.0 Transitional//EN"
    "http://www.w3.org/TR/xhtml1/DTD/xhtml1-transitional.dtd">
<html xmlns="http://www.w3.org/1999/xhtml" xml:lang="en" lang="en">
 <head>
  <title>
</title>
<meta http-equiv="Content-Type" content="text/html;charset=utf-8" />
  <meta name='ocr-system' content='tesseract 3.04.00' />
  <meta name='ocr-capabilities' content='ocr_page ocr_carea ocr_par ocr_line ocrx_word'/>
</head>
<body>
  <div class='ocr_page' id='page_1' title='image "./legesetepinomis00unkngoog_0425.png"; bbox 0 0 2857 4738; ppageno 0'>
   <div class='ocr_carea' id='block_1_1' title="bbox 645 272 866 365">
    <p class='ocr_par' dir='ltr' id='par_1_1' title="bbox 645 272 866 365">
     <span class='ocr_line' id='line_1_1' title="bbox 645 272 866 365; baseline 0 0"><span class='ocrx_word' id='word_1_1' title='bbox 645 272 866 365; x_wconf 69' lang='lat'><strong>304&#39;</strong></span> 
     </span>
    </p>
   </div>
   <div class='ocr_carea' id='block_1_2' title="bbox 1369 296 1965 365">
    <p class='ocr_par' dir='ltr' id='par_1_2' title="bbox 1369 296 1965 365">
     <span class='ocr_line' id='line_1_2' title="bbox 1369 296 1965 365; baseline 0.007 -4"><span class='ocrx_word' id='word_1_2' title='bbox 1369 296 1965 365; x_wconf 74' lang='lat' dir='ltr'><strong>PLATONIS</strong></span> 
     </span>
    </p>
   </div>
   <div class='ocr_carea' id='block_1_3' title="bbox 640 472 2715 1065">
    <p class='ocr_par' dir='ltr' id='par_1_3' title="bbox 640 472 2715 1065">
     <span class='ocr_line' id='line_1_3' title="bbox 645 472 2715 559; baseline -0 -17"><span class='ocrx_word' id='word_1_3' title='bbox 645 502 782 543; x_wconf 73' lang='grc' dir='ltr'><strong>τειν</strong></span> <span class='ocrx_word' id='word_1_4' title='bbox 847 483 1096 551; x_wconf 59' lang='grc' dir='ltr'><strong><em>ἕκαστα</em></strong></span> <span class='ocrx_word' id='word_1_5' title='bbox 1161 474 1410 557; x_wconf 66' lang='grc' dir='ltr'><strong><em>αὐτῶν.</em></strong></span> <span class='ocrx_word' id='word_1_6' title='bbox 1482 473 1637 544; x_wconf 72' lang='grc' dir='ltr'><strong>οἶον</strong></span> <span class='ocrx_word' id='word_1_7' title='bbox 1700 472 1785 555; x_wconf 80' lang='grc' dir='ltr'><strong>δή</strong></span> <span class='ocrx_word' id='word_1_8' title='bbox 1838 500 1939 554; x_wconf 78' lang='grc' dir='ltr'><strong>τις</strong></span> <span class='ocrx_word' id='word_1_9' title='bbox 1990 473 2338 559; x_wconf 70' lang='grc' dir='ltr'><strong><em>ναυπηγὸς</em></strong></span> <span class='ocrx_word' id='word_1_10' title='bbox 2394 474 2531 555; x_wconf 71' lang='grc' dir='ltr'><strong>τὴν</strong></span> <span class='ocrx_word' id='word_1_11' title='bbox 2590 479 2715 557; x_wconf 76' lang='grc' dir='ltr'><strong>τῆς</strong></span> 
     </span>
     <span class='ocr_line' id='line_1_4' title="bbox 643 575 2705 663; baseline 0 -20"><span class='ocrx_word' id='word_1_12' title='bbox 643 584 1018 661; x_wconf 76' lang='grc' dir='ltr'><strong><em>ναυπηγίας</em></strong></span> <span class='ocrx_word' id='word_1_13' title='bbox 1067 576 1290 662; x_wconf 67' lang='grc' dir='ltr'><strong><em>ἀρχὴν</em></strong></span> <span class='ocrx_word' id='word_1_14' title='bbox 1335 575 1929 661; x_wconf 67' lang='grc' dir='ltr'><strong><em>καταβαλλόμενος</em></strong></span> <span class='ocrx_word' id='word_1_15' title='bbox 1978 576 2069 643; x_wconf 75' lang='grc' dir='ltr'><strong>τὰ</strong></span> <span class='ocrx_word' id='word_1_16' title='bbox 2122 580 2483 663; x_wconf 74' lang='grc' dir='ltr'><strong><em>τροπιδεῖα</em></strong></span> <span class='ocrx_word' id='word_1_17' title='bbox 2536 576 2705 643; x_wconf 76' lang='grc' dir='ltr'><strong>ὐπο-</strong></span> 
     </span>
     <span class='ocr_line' id='line_1_5' title="bbox 640 673 2701 766; baseline 0 -23"><span class='ocrx_word' id='word_1_18' title='bbox 640 678 972 766; x_wconf 75' lang='grc' dir='ltr'><strong><em>γραφεται</em></strong></span> <span class='ocrx_word' id='word_1_19' title='bbox 1027 682 1164 745; x_wconf 70' lang='grc' dir='ltr'><strong>τῶν</strong></span> <span class='ocrx_word' id='word_1_20' title='bbox 1215 681 1467 742; x_wconf 69' lang='grc' dir='ltr'><strong><em>πλοίων</em></strong></span> <span class='ocrx_word' id='word_1_21' title='bbox 1514 676 1843 761; x_wconf 79' lang='grc' dir='ltr'><strong><em>σχήματα,</em></strong></span> <span class='ocrx_word' id='word_1_22' title='bbox 1898 673 2154 744; x_wconf 74' lang='grc' dir='ltr'><strong><em>ταύτὸν</em></strong></span> <span class='ocrx_word' id='word_1_23' title='bbox 2206 675 2286 756; x_wconf 78' lang='grc' dir='ltr'><strong>δή</strong></span> <span class='ocrx_word' id='word_1_24' title='bbox 2340 704 2469 763; x_wconf 84' lang='grc' dir='ltr'><strong>μοι</strong></span> <span class='ocrx_word' id='word_1_25' title='bbox 2514 678 2701 762; x_wconf 69' lang='grc' dir='ltr'><strong>κάγώ</strong></span> 
     </span>
     <span class='ocr_line' id='line_1_6' title="bbox 641 772 2707 868; baseline -0 -24"><span class='ocrx_word' id='word_1_26' title='bbox 641 784 978 867; x_wconf 72' lang='grc' dir='ltr'><strong><em>φαίνομαι</em></strong></span> <span class='ocrx_word' id='word_1_27' title='bbox 1047 780 1312 862; x_wconf 71' lang='grc' dir='ltr'><strong><em>ἐμαυτῷ</em></strong></span> <span class='ocrx_word' id='word_1_28' title='bbox 1383 772 1619 868; x_wconf 74' lang='grc' dir='ltr'><strong><em>[δρᾶν]</em></strong></span> <span class='ocrx_word' id='word_1_29' title='bbox 1690 776 1775 842; x_wconf 74' lang='grc' dir='ltr'><strong>τὰ</strong></span> <span class='ocrx_word' id='word_1_30' title='bbox 1846 781 1982 846; x_wconf 73' lang='grc' dir='ltr'><strong>τῶν</strong></span> <span class='ocrx_word' id='word_1_31' title='bbox 2041 780 2205 861; x_wconf 70' lang='grc' dir='ltr'><strong>βίων</strong></span> <span class='ocrx_word' id='word_1_32' title='bbox 2284 778 2707 863; x_wconf 70' lang='grc' dir='ltr'><strong><em>πειρώμενος</em></strong></span> 
     </span>
     <span class='ocr_line' id='line_1_7' title="bbox 643 875 2705 970; baseline 0 -25"><span class='ocrx_word' id='word_1_33' title='bbox 643 880 956 965; x_wconf 73' lang='grc' dir='ltr'><strong><em>σχήματα</em></strong></span> <span class='ocrx_word' id='word_1_34' title='bbox 989 876 1505 960; x_wconf 75' lang='grc' dir='ltr'><strong>διαστήσασθαι</strong></span> <span class='ocrx_word' id='word_1_35' title='bbox 1536 875 1709 943; x_wconf 76' lang='grc' dir='ltr'><strong><em>κατὰ</em></strong></span> <span class='ocrx_word' id='word_1_36' title='bbox 1746 876 2047 965; x_wconf 72' lang='grc' dir='ltr'><strong><em>τρόπους</em></strong></span> <span class='ocrx_word' id='word_1_37' title='bbox 2070 875 2233 955; x_wconf 77' lang='grc' dir='ltr'><strong><em>τοὺς</em></strong></span> <span class='ocrx_word' id='word_1_38' title='bbox 2253 881 2405 943; x_wconf 69' lang='grc' dir='ltr'><strong>-τῶν</strong></span> <span class='ocrx_word' id='word_1_39' title='bbox 2460 880 2705 970; x_wconf 68' lang='grc' dir='ltr'><strong><em>ψυχῧν</em></strong></span> 
     </span>
     <span class='ocr_line' id='line_1_8' title="bbox 645 978 2705 1065; baseline 0.001 -20"><span class='ocrx_word' id='word_1_40' title='bbox 645 978 858 1057; x_wconf 80' lang='grc' dir='ltr'><strong><em>ὅντως</em></strong></span> <span class='ocrx_word' id='word_1_41' title='bbox 943 978 1172 1045; x_wconf 76' lang='grc' dir='ltr'><strong><em>αὐτῶν</em></strong></span> <span class='ocrx_word' id='word_1_42' title='bbox 1259 978 1340 1043; x_wconf 85' lang='grc' dir='ltr'><strong><em>τα</em></strong></span> <span class='ocrx_word' id='word_1_43' title='bbox 1421 980 1773 1065; x_wconf 75' lang='grc' dir='ltr'><strong><em>τροπιδεῖα</em></strong></span> <span class='ocrx_word' id='word_1_44' title='bbox 1850 979 2465 1064; x_wconf 63' lang='grc' dir='ltr'><strong><em>καταβάλλεσθαι,</em></strong></span> <span class='ocrx_word' id='word_1_45' title='bbox 2534 986 2705 1065; x_wconf 73' lang='grc' dir='ltr'><strong>ποίᾳ</strong></span> 
     </span>
    </p>
   </div>
   <div class='ocr_carea' id='block_1_4' title="bbox 785 1192 1007 1247">
    <p class='ocr_par' dir='ltr' id='par_1_4' title="bbox 785 1192 1007 1247">
     <span class='ocr_line' id='line_1_9' title="bbox 785 1192 1007 1247; baseline -0.009 -2"><span class='ocrx_word' id='word_1_46' title='bbox 785 1192 846 1245; x_wconf 81' lang='grc' dir='ltr'><strong>Ρ.</strong></span> <span class='ocrx_word' id='word_1_47' title='bbox 881 1192 1007 1247; x_wconf 76' lang='grc'><strong>803.</strong></span> 
     </span>
    </p>
   </div>
   <div class='ocr_carea' id='block_1_5' title="bbox 643 1374 1615 1583">
    <p class='ocr_par' dir='ltr' id='par_1_5' title="bbox 643 1374 1615 1583">
     <span class='ocr_line' id='line_1_10' title="bbox 717 1374 1611 1445; baseline -0.006 -16"><span class='ocrx_word' id='word_1_48' title='bbox 717 1378 779 1429; x_wconf 85' lang='grc' dir='ltr'><strong>Ρ.</strong></span> <span class='ocrx_word' id='word_1_49' title='bbox 813 1379 936 1435; x_wconf 81' lang='lat'>803.</span> <span class='ocrx_word' id='word_1_50' title='bbox 1009 1374 1156 1429; x_wconf 71' lang='lat' dir='ltr'><strong>olon</strong></span> <span class='ocrx_word' id='word_1_51' title='bbox 1203 1378 1278 1445; x_wconf 79' lang='grc' dir='ltr'><strong>δή</strong></span> <span class='ocrx_word' id='word_1_52' title='bbox 1325 1390 1414 1427; x_wconf 71' lang='grc' dir='ltr'><strong>τις</strong></span> <span class='ocrx_word' id='word_1_53' title='bbox 1468 1393 1611 1425; x_wconf 75' lang='grc' dir='ltr'><strong><em>ναυ-</em></strong></span> 
     </span>
     <span class='ocr_line' id='line_1_11' title="bbox 646 1446 1615 1513; baseline -0.001 -17"><span class='ocrx_word' id='word_1_54' title='bbox 646 1446 856 1513; x_wconf 70' lang='grc' dir='ltr'><strong><em>πηγὸς</em></strong></span> <span class='ocrx_word' id='word_1_55' title='bbox 890 1476 957 1485; x_wconf 89' lang='grc'><strong>-</strong></span> <span class='ocrx_word' id='word_1_56' title='bbox 1032 1447 1184 1507; x_wconf 83' lang='lat' dir='ltr'><strong>Quae</strong></span> <span class='ocrx_word' id='word_1_57' title='bbox 1217 1449 1411 1498; x_wconf 86' lang='lat' dir='ltr'><strong>dehinc</strong></span> <span class='ocrx_word' id='word_1_58' title='bbox 1445 1460 1615 1510; x_wconf 86' lang='lat' dir='ltr'><strong>usque</strong></span> 
     </span>
     <span class='ocr_line' id='line_1_12' title="bbox 643 1516 1614 1583; baseline -0.004 -14"><span class='ocrx_word' id='word_1_59' title='bbox 643 1518 714 1569; x_wconf 80' lang='lat' dir='ltr'><strong>ad</strong></span> <span class='ocrx_word' id='word_1_60' title='bbox 735 1535 786 1583; x_wconf 92' lang='lat' dir='ltr'><strong>p.</strong></span> <span class='ocrx_word' id='word_1_61' title='bbox 809 1518 930 1571; x_wconf 77' lang='lat'>804.</span> <span class='ocrx_word' id='word_1_62' title='bbox 1012 1553 1021 1563; x_wconf 92' lang='lat'><strong>.</strong></span> <span class='ocrx_word' id='word_1_63' title='bbox 1049 1518 1212 1568; x_wconf 81' lang='lat' dir='ltr'><strong>veluti</strong></span> <span class='ocrx_word' id='word_1_64' title='bbox 1246 1532 1342 1581; x_wconf 84' lang='lat' dir='ltr'><strong>per</strong></span> <span class='ocrx_word' id='word_1_65' title='bbox 1377 1516 1614 1566; x_wconf 85' lang='lat' dir='ltr'><strong>occasio-</strong></span> 
     </span>
    </p>
   </div>
   <div class='ocr_carea' id='block_1_6' title="bbox 643 1585 1617 2606">
    <p class='ocr_par' dir='ltr' id='par_1_6' title="bbox 643 1585 1617 2606">
     <span class='ocr_line' id='line_1_13' title="bbox 647 1585 1614 1649; baseline -0.005 -11"><span class='ocrx_word' id='word_1_66' title='bbox 647 1602 766 1638; x_wconf 86' lang='lat' dir='ltr'><strong>nem</strong></span> <span class='ocrx_word' id='word_1_67' title='bbox 799 1590 1206 1649; x_wconf 83' lang='lat' dir='ltr'><strong>interseruntur,</strong></span> <span class='ocrx_word' id='word_1_68' title='bbox 1235 1602 1302 1638; x_wconf 82' lang='lat' dir='ltr'><strong>ea</strong></span> <span class='ocrx_word' id='word_1_69' title='bbox 1335 1587 1493 1635; x_wconf 88' lang='lat' dir='ltr'><strong>nobis</strong></span> <span class='ocrx_word' id='word_1_70' title='bbox 1536 1585 1614 1633; x_wconf 80' lang='lat' dir='ltr'><strong>vi-</strong></span> 
     </span>
     <span class='ocr_line' id='line_1_14' title="bbox 645 1657 1615 1719; baseline -0.004 -13"><span class='ocrx_word' id='word_1_71' title='bbox 645 1659 840 1706; x_wconf 82' lang='lat' dir='ltr'><strong>dentur</strong></span> <span class='ocrx_word' id='word_1_72' title='bbox 884 1657 1200 1707; x_wconf 81' lang='lat' dir='ltr'><strong>adumbrata</strong></span> <span class='ocrx_word' id='word_1_73' title='bbox 1251 1657 1421 1719; x_wconf 72' lang='lat' dir='ltr'><strong>magis</strong></span> <span class='ocrx_word' id='word_1_74' title='bbox 1479 1668 1615 1713; x_wconf 88' lang='lat' dir='ltr'><strong>esse,</strong></span> 
     </span>
     <span class='ocr_line' id='line_1_15' title="bbox 645 1724 1612 1789; baseline -0.005 -15"><span class='ocrx_word' id='word_1_75' title='bbox 645 1740 805 1789; x_wconf 82' lang='lat' dir='ltr'><strong>quam</strong></span> <span class='ocrx_word' id='word_1_76' title='bbox 874 1724 1111 1788; x_wconf 78' lang='lat' dir='ltr'><strong>perfecta</strong></span> <span class='ocrx_word' id='word_1_77' title='bbox 1189 1731 1242 1773; x_wconf 88' lang='lat' dir='ltr'><strong>et</strong></span> <span class='ocrx_word' id='word_1_78' title='bbox 1321 1724 1612 1773; x_wconf 83' lang='lat' dir='ltr'><strong>elaborata.</strong></span> 
     </span>
     <span class='ocr_line' id='line_1_16' title="bbox 644 1792 1615 1858; baseline -0.001 -14"><span class='ocrx_word' id='word_1_79' title='bbox 644 1794 804 1844; x_wconf 83' lang='lat' dir='ltr'><strong>Certe</strong></span> <span class='ocrx_word' id='word_1_80' title='bbox 847 1795 1064 1858; x_wconf 85' lang='lat' dir='ltr'><strong>quidem</strong></span> <span class='ocrx_word' id='word_1_81' title='bbox 1115 1794 1172 1841; x_wconf 89' lang='lat' dir='ltr'><strong>in</strong></span> <span class='ocrx_word' id='word_1_82' title='bbox 1229 1794 1298 1847; x_wconf 84' lang='lat' dir='ltr'><strong>iis</strong></span> <span class='ocrx_word' id='word_1_83' title='bbox 1347 1792 1615 1843; x_wconf 73' lang='lat' dir='ltr'><strong>subtilitas</strong></span> 
     </span>
     <span class='ocr_line' id='line_1_17' title="bbox 643 1862 1617 1923; baseline -0.004 -10"><span class='ocrx_word' id='word_1_84' title='bbox 643 1864 946 1913; x_wconf 88' lang='lat' dir='ltr'><strong>disserendi</strong></span> <span class='ocrx_word' id='word_1_85' title='bbox 989 1863 1124 1912; x_wconf 88' lang='lat' dir='ltr'><strong>adeo</strong></span> <span class='ocrx_word' id='word_1_86' title='bbox 1161 1862 1521 1923; x_wconf 81' lang='lat' dir='ltr'><strong>desideratur,</strong></span> <span class='ocrx_word' id='word_1_87' title='bbox 1558 1870 1617 1910; x_wconf 83' lang='lat' dir='ltr'><strong>ut</strong></span> 
     </span>
     <span class='ocr_line' id='line_1_18' title="bbox 645 1930 1612 1996; baseline -0.003 -14"><span class='ocrx_word' id='word_1_88' title='bbox 645 1947 902 1996; x_wconf 87' lang='lat' dir='ltr'><strong>quorsum</strong></span> <span class='ocrx_word' id='word_1_89' title='bbox 947 1932 1158 1994; x_wconf 78' lang='lat' dir='ltr'><strong>singula</strong></span> <span class='ocrx_word' id='word_1_90' title='bbox 1213 1930 1443 1994; x_wconf 88' lang='lat' dir='ltr'><strong>denique</strong></span> <span class='ocrx_word' id='word_1_91' title='bbox 1494 1944 1612 1994; x_wconf 83' lang='lat' dir='ltr'><strong>spe·</strong></span> 
     </span>
     <span class='ocr_line' id='line_1_19' title="bbox 645 2000 1613 2067; baseline -0.002 -16"><span class='ocrx_word' id='word_1_92' title='bbox 645 2009 790 2051; x_wconf 85' lang='lat' dir='ltr'><strong>etent</strong></span> <span class='ocrx_word' id='word_1_93' title='bbox 825 2009 918 2051; x_wconf 72' lang='lat' dir='ltr'><strong>aut</strong></span> <span class='ocrx_word' id='word_1_94' title='bbox 953 2002 1266 2067; x_wconf 86' lang='lat' dir='ltr'><strong>pertineant,</strong></span> <span class='ocrx_word' id='word_1_95' title='bbox 1289 2015 1451 2065; x_wconf 85' lang='lat' dir='ltr'><strong>saepe</strong></span> <span class='ocrx_word' id='word_1_96' title='bbox 1482 2000 1613 2049; x_wconf 91' lang='lat' dir='ltr'><strong>mul-</strong></span> 
     </span>
     <span class='ocr_line' id='line_1_20' title="bbox 645 2066 1613 2121; baseline -0.002 0"><span class='ocrx_word' id='word_1_97' title='bbox 645 2079 756 2121; x_wconf 87' lang='lat' dir='ltr'><strong>tum</strong></span> <span class='ocrx_word' id='word_1_98' title='bbox 813 2070 1040 2120; x_wconf 87' lang='lat' dir='ltr'><strong>dubites.</strong></span> <span class='ocrx_word' id='word_1_99' title='bbox 1115 2066 1245 2120; x_wconf 87' lang='lat' dir='ltr'><strong>.Sed</strong></span> <span class='ocrx_word' id='word_1_100' title='bbox 1303 2078 1362 2118; x_wconf 87' lang='lat' dir='ltr'><strong>ut</strong></span> <span class='ocrx_word' id='word_1_101' title='bbox 1415 2070 1613 2119; x_wconf 80' lang='lat' dir='ltr'><strong>clarius</strong></span> 
     </span>
     <span class='ocr_line' id='line_1_21' title="bbox 645 2138 1613 2207; baseline -0.006 -16"><span class='ocrx_word' id='word_1_102' title='bbox 645 2148 935 2207; x_wconf 82' lang='lat' dir='ltr'><strong>appareat,</strong></span> <span class='ocrx_word' id='word_1_103' title='bbox 972 2138 1098 2202; x_wconf 86' lang='lat' dir='ltr'><strong>quid</strong></span> <span class='ocrx_word' id='word_1_104' title='bbox 1121 2140 1212 2187; x_wconf 57' lang='lat' dir='ltr'><strong>wei</strong></span> <span class='ocrx_word' id='word_1_105' title='bbox 1251 2139 1348 2199; x_wconf 83' lang='lat' dir='ltr'><strong>sit,</strong></span> <span class='ocrx_word' id='word_1_106' title='bbox 1384 2153 1613 2201; x_wconf 84' lang='lat' dir='ltr'><strong>exposu-</strong></span> 
     </span>
     <span class='ocr_line' id='line_1_22' title="bbox 645 2208 1612 2269; baseline -0.004 -10"><span class='ocrx_word' id='word_1_107' title='bbox 645 2212 754 2260; x_wconf 86' lang='lat' dir='ltr'><strong>isse</strong></span> <span class='ocrx_word' id='word_1_108' title='bbox 789 2209 996 2259; x_wconf 82' lang='lat' dir='ltr'><strong>iuvabit</strong></span> <span class='ocrx_word' id='word_1_109' title='bbox 1032 2209 1268 2257; x_wconf 81' lang='lat' dir='ltr'><strong>universi</strong></span> <span class='ocrx_word' id='word_1_110' title='bbox 1315 2208 1420 2257; x_wconf 89' lang='lat' dir='ltr'><strong>loci</strong></span> <span class='ocrx_word' id='word_1_111' title='bbox 1457 2221 1612 2269; x_wconf 86' lang='lat' dir='ltr'><strong>argu-</strong></span> 
     </span>
     <span class='ocr_line' id='line_1_23' title="bbox 645 2278 1617 2341; baseline -0.005 -12"><span class='ocrx_word' id='word_1_112' title='bbox 645 2286 910 2341; x_wconf 84' lang='lat' dir='ltr'><strong>mentum,</strong></span> <span class='ocrx_word' id='word_1_113' title='bbox 953 2278 1265 2340; x_wconf 81' lang='lat' dir='ltr'><strong>praesertim</strong></span> <span class='ocrx_word' id='word_1_114' title='bbox 1316 2292 1477 2341; x_wconf 87' lang='lat' dir='ltr'><strong>quum</strong></span> <span class='ocrx_word' id='word_1_115' title='bbox 1538 2278 1617 2325; x_wconf 86' lang='lat' dir='ltr'><strong>ita</strong></span> 
     </span>
     <span class='ocr_line' id='line_1_24' title="bbox 643 2348 1615 2410; baseline -0.002 -12"><span class='ocrx_word' id='word_1_116' title='bbox 643 2348 880 2398; x_wconf 81' lang='lat' dir='ltr'><strong>futurum</strong></span> <span class='ocrx_word' id='word_1_117' title='bbox 917 2348 1006 2410; x_wconf 84' lang='lat' dir='ltr'><strong>sit,</strong></span> <span class='ocrx_word' id='word_1_118' title='bbox 1029 2354 1088 2396; x_wconf 81' lang='lat' dir='ltr'><strong>ut</strong></span> <span class='ocrx_word' id='word_1_119' title='bbox 1110 2348 1288 2398; x_wconf 85' lang='lat' dir='ltr'><strong>verbis</strong></span> <span class='ocrx_word' id='word_1_120' title='bbox 1325 2360 1615 2409; x_wconf 85' lang='lat' dir='ltr'><strong>sanequam</strong></span> 
     </span>
     <span class='ocr_line' id='line_1_25' title="bbox 644 2415 1612 2480; baseline -0.005 -13"><span class='ocrx_word' id='word_1_121' title='bbox 644 2415 1044 2469; x_wconf 76' lang='lat' dir='ltr'>obscurioribus</span> <span class='ocrx_word' id='word_1_122' title='bbox 1087 2417 1248 2467; x_wconf 88' lang='lat' dir='ltr'><strong>simul</strong></span> <span class='ocrx_word' id='word_1_123' title='bbox 1287 2415 1497 2480; x_wconf 89' lang='lat' dir='ltr'><strong>aliquid</strong></span> <span class='ocrx_word' id='word_1_124' title='bbox 1531 2415 1612 2463; x_wconf 87' lang='lat' dir='ltr'><strong>lu-</strong></span> 
     </span>
     <span class='ocr_line' id='line_1_26' title="bbox 643 2484 1615 2548; baseline -0.002 -12"><span class='ocrx_word' id='word_1_125' title='bbox 643 2487 719 2538; x_wconf 86' lang='lat' dir='ltr'><strong>eis</strong></span> <span class='ocrx_word' id='word_1_126' title='bbox 739 2487 1065 2538; x_wconf 81' lang='lat' dir='ltr'><strong>affundatur.</strong></span> <span class='ocrx_word' id='word_1_127' title='bbox 1117 2487 1240 2534; x_wconf 83' lang='lat' dir='ltr'><strong>Vult</strong></span> <span class='ocrx_word' id='word_1_128' title='bbox 1256 2485 1419 2548; x_wconf 71' lang='lat' dir='ltr'><strong>igitur</strong></span> <span class='ocrx_word' id='word_1_129' title='bbox 1448 2484 1615 2534; x_wconf 75' lang='lat' dir='ltr'><strong>Athe-</strong></span> 
     </span>
     <span class='ocr_line' id='line_1_27' title="bbox 645 2554 1615 2606; baseline -0.003 -1"><span class='ocrx_word' id='word_1_130' title='bbox 645 2557 847 2606; x_wconf 87' lang='lat' dir='ltr'><strong>niensis</strong></span> <span class='ocrx_word' id='word_1_131' title='bbox 888 2557 946 2603; x_wconf 91' lang='lat' dir='ltr'><strong>in</strong></span> <span class='ocrx_word' id='word_1_132' title='bbox 979 2555 1318 2605; x_wconf 89' lang='lat' dir='ltr'><strong>institutione</strong></span> <span class='ocrx_word' id='word_1_133' title='bbox 1355 2569 1417 2603; x_wconf 85' lang='lat' dir='ltr'><strong>ac</strong></span> <span class='ocrx_word' id='word_1_134' title='bbox 1456 2554 1615 2602; x_wconf 85' lang='lat' dir='ltr'><strong>disci-</strong></span> 
     </span>
    </p>
   </div>
   <div class='ocr_carea' id='block_1_7' title="bbox 644 2623 1661 2689">
    <p class='ocr_par' dir='ltr' id='par_1_7' title="bbox 644 2623 1661 2689">
     <span class='ocr_line' id='line_1_28' title="bbox 644 2623 1661 2689; baseline 0 -17"><span class='ocrx_word' id='word_1_135' title='bbox 644 2627 794 2689; x_wconf 84' lang='lat' dir='ltr'><strong>plina</strong></span> <span class='ocrx_word' id='word_1_136' title='bbox 848 2623 1052 2672; x_wconf 88' lang='lat' dir='ltr'><strong>musica</strong></span> <span class='ocrx_word' id='word_1_137' title='bbox 1121 2623 1397 2686; x_wconf 86' lang='lat' dir='ltr'><strong>utriusque</strong></span> <span class='ocrx_word' id='word_1_138' title='bbox 1455 2637 1614 2672; x_wconf 83' lang='lat' dir='ltr'><strong>sexus</strong></span> <span class='ocrx_word' id='word_1_139' title='bbox 1656 2649 1661 2654; x_wconf 93' lang='lat'><strong>·</strong></span> 
     </span>
    </p>
   </div>
   <div class='ocr_carea' id='block_1_8' title="bbox 622 2691 1619 4270">
    <p class='ocr_par' dir='ltr' id='par_1_8' title="bbox 622 2691 1619 4270">
     <span class='ocr_line' id='line_1_29' title="bbox 643 2691 1612 2756; baseline -0.001 -15"><span class='ocrx_word' id='word_1_140' title='bbox 643 2693 862 2756; x_wconf 79' lang='lat' dir='ltr'><strong>ingenia</strong></span> <span class='ocrx_word' id='word_1_141' title='bbox 896 2697 950 2739; x_wconf 87' lang='lat' dir='ltr'><strong>et</strong></span> <span class='ocrx_word' id='word_1_142' title='bbox 972 2704 1146 2741; x_wconf 83' lang='lat' dir='ltr'><strong>mores</strong></span> <span class='ocrx_word' id='word_1_143' title='bbox 1175 2691 1344 2756; x_wconf 82' lang='lat' dir='ltr'><strong>probe</strong></span> <span class='ocrx_word' id='word_1_144' title='bbox 1363 2691 1612 2742; x_wconf 76' lang='lat' dir='ltr'><strong>discerni.</strong></span> 
     </span>
     <span class='ocr_line' id='line_1_30' title="bbox 622 2759 1613 2824; baseline 0.003 -17"><span class='ocrx_word' id='word_1_145' title='bbox 622 2759 812 2824; x_wconf 66' lang='lat' dir='ltr'><strong>‚Quam</strong></span> <span class='ocrx_word' id='word_1_146' title='bbox 894 2759 1107 2822; x_wconf 90' lang='lat' dir='ltr'><strong>quidem</strong></span> <span class='ocrx_word' id='word_1_147' title='bbox 1178 2761 1613 2824; x_wconf 75' lang='lat' dir='ltr'><strong>praeceptionem</strong></span> 
     </span>
     <span class='ocr_line' id='line_1_31' title="bbox 641 2831 1613 2893; baseline -0.001 -14"><span class='ocrx_word' id='word_1_148' title='bbox 641 2843 794 2879; x_wconf 86' lang='lat' dir='ltr'><strong>suam</strong></span> <span class='ocrx_word' id='word_1_149' title='bbox 865 2834 1137 2892; x_wconf 86' lang='lat' dir='ltr'><strong>comparat</strong></span> <span class='ocrx_word' id='word_1_150' title='bbox 1205 2845 1323 2878; x_wconf 90' lang='lat' dir='ltr'><strong>cum</strong></span> <span class='ocrx_word' id='word_1_151' title='bbox 1393 2831 1613 2893; x_wconf 82' lang='lat' dir='ltr'><strong>negotio</strong></span> 
     </span>
     <span class='ocr_line' id='line_1_32' title="bbox 639 2897 1613 2961; baseline 0 -13"><span class='ocrx_word' id='word_1_152' title='bbox 639 2898 775 2960; x_wconf 88' lang='lat' dir='ltr'><strong>eius,</strong></span> <span class='ocrx_word' id='word_1_153' title='bbox 813 2898 902 2961; x_wconf 90' lang='lat' dir='ltr'><strong>qui</strong></span> <span class='ocrx_word' id='word_1_154' title='bbox 941 2897 996 2945; x_wconf 89' lang='lat' dir='ltr'><strong>in</strong></span> <span class='ocrx_word' id='word_1_155' title='bbox 1035 2897 1360 2948; x_wconf 72' lang='lat' dir='ltr'><strong>fabricandis</strong></span> <span class='ocrx_word' id='word_1_156' title='bbox 1383 2899 1613 2948; x_wconf 78' lang='lat' dir='ltr'><strong>navibus</strong></span> 
     </span>
     <span class='ocr_line' id='line_1_33' title="bbox 637 2965 1611 3033; baseline 0 -17"><span class='ocrx_word' id='word_1_157' title='bbox 637 2971 863 3033; x_wconf 89' lang='lat' dir='ltr'><strong>primum</strong></span> <span class='ocrx_word' id='word_1_158' title='bbox 884 2965 1286 3018; x_wconf 86' lang='lat' dir='ltr'><strong>fundamentum</strong></span> <span class='ocrx_word' id='word_1_159' title='bbox 1321 2983 1501 3018; x_wconf 88' lang='lat' dir='ltr'><strong>earum</strong></span> <span class='ocrx_word' id='word_1_160' title='bbox 1524 2983 1611 3017; x_wconf 82' lang='lat' dir='ltr'><strong>cu-</strong></span> 
     </span>
     <span class='ocr_line' id='line_1_34' title="bbox 637 3037 1613 3104; baseline -0.002 -18"><span class='ocrx_word' id='word_1_161' title='bbox 637 3045 745 3104; x_wconf 78' lang='lat' dir='ltr'><strong>ret,</strong></span> <span class='ocrx_word' id='word_1_162' title='bbox 789 3037 990 3086; x_wconf 76' lang='lat' dir='ltr'><strong>formas</strong></span> <span class='ocrx_word' id='word_1_163' title='bbox 1036 3037 1437 3099; x_wconf 87' lang='lat' dir='ltr'><strong>adumbret,·et</strong></span> <span class='ocrx_word' id='word_1_164' title='bbox 1479 3038 1613 3086; x_wconf 88' lang='lat' dir='ltr'><strong>cari-</strong></span> 
     </span>
     <span class='ocr_line' id='line_1_35' title="bbox 639 3104 1614 3172; baseline -0.001 -16"><span class='ocrx_word' id='word_1_165' title='bbox 639 3123 760 3157; x_wconf 89' lang='lat' dir='ltr'><strong>nam</strong></span> <span class='ocrx_word' id='word_1_166' title='bbox 818 3106 1081 3158; x_wconf 84' lang='lat' dir='ltr'><strong>subiiciat.</strong></span> <span class='ocrx_word' id='word_1_167' title='bbox 1178 3104 1391 3172; x_wconf 81' lang='lat' dir='ltr'><strong>Quippe</strong></span> <span class='ocrx_word' id='word_1_168' title='bbox 1457 3106 1614 3155; x_wconf 83' lang='lat' dir='ltr'><strong>sicuti</strong></span> 
     </span>
     <span class='ocr_line' id='line_1_36' title="bbox 637 3173 1619 3240; baseline -0.003 -15"><span class='ocrx_word' id='word_1_169' title='bbox 637 3177 794 3227; x_wconf 83' lang='lat' dir='ltr'><strong>navis</strong></span> <span class='ocrx_word' id='word_1_170' title='bbox 830 3177 945 3226; x_wconf 88' lang='lat' dir='ltr'><strong>sine</strong></span> <span class='ocrx_word' id='word_1_171' title='bbox 983 3173 1068 3224; x_wconf 88' lang='lat' dir='ltr'><strong>his</strong></span> <span class='ocrx_word' id='word_1_172' title='bbox 1105 3175 1264 3225; x_wconf 85' lang='lat' dir='ltr'><strong>rebus</strong></span> <span class='ocrx_word' id='word_1_173' title='bbox 1301 3191 1409 3226; x_wconf 89' lang='lat' dir='ltr'><strong>non</strong></span> <span class='ocrx_word' id='word_1_174' title='bbox 1446 3175 1619 3240; x_wconf 83' lang='lat' dir='ltr'><strong>possit</strong></span> 
     </span>
     <span class='ocr_line' id='line_1_37' title="bbox 634 3245 1615 3309; baseline -0.001 -16"><span class='ocrx_word' id='word_1_175' title='bbox 634 3247 691 3293; x_wconf 90' lang='lat' dir='ltr'><strong>in</strong></span> <span class='ocrx_word' id='word_1_176' title='bbox 742 3257 885 3294; x_wconf 85' lang='lat' dir='ltr'><strong>mare</strong></span> <span class='ocrx_word' id='word_1_177' title='bbox 932 3245 1147 3306; x_wconf 85' lang='lat' dir='ltr'><strong>deduci,</strong></span> <span class='ocrx_word' id='word_1_178' title='bbox 1189 3245 1265 3295; x_wconf 80' lang='lat' dir='ltr'><strong>ita</strong></span> <span class='ocrx_word' id='word_1_179' title='bbox 1313 3261 1433 3294; x_wconf 87' lang='lat' dir='ltr'><strong>eum</strong></span> <span class='ocrx_word' id='word_1_180' title='bbox 1459 3277 1475 3302; x_wconf 84' lang='lat'>‚</span> <span class='ocrx_word' id='word_1_181' title='bbox 1521 3247 1615 3309; x_wconf 86' lang='lat' dir='ltr'><strong>qui</strong></span> 
     </span>
     <span class='ocr_line' id='line_1_38' title="bbox 633 3313 1611 3377; baseline 0 -15"><span class='ocrx_word' id='word_1_182' title='bbox 633 3313 703 3362; x_wconf 88' lang='lat' dir='ltr'><strong>de</strong></span> <span class='ocrx_word' id='word_1_183' title='bbox 741 3315 952 3363; x_wconf 79' lang='lat' dir='ltr'><strong>musicis</strong></span> <span class='ocrx_word' id='word_1_184' title='bbox 996 3315 1411 3377; x_wconf 85' lang='lat' dir='ltr'><strong>disputationem</strong></span> <span class='ocrx_word' id='word_1_185' title='bbox 1459 3313 1611 3362; x_wconf 85' lang='lat' dir='ltr'><strong>insti-</strong></span> 
     </span>
     <span class='ocr_line' id='line_1_39' title="bbox 636 3383 1609 3449; baseline 0 -19"><span class='ocrx_word' id='word_1_186' title='bbox 636 3387 786 3445; x_wconf 90' lang='lat' dir='ltr'><strong>tuat,</strong></span> <span class='ocrx_word' id='word_1_187' title='bbox 833 3384 900 3432; x_wconf 89' lang='lat' dir='ltr'><strong>de</strong></span> <span class='ocrx_word' id='word_1_188' title='bbox 935 3385 1004 3432; x_wconf 88' lang='lat' dir='ltr'><strong>iis</strong></span> <span class='ocrx_word' id='word_1_189' title='bbox 1039 3383 1197 3432; x_wconf 90' lang='lat' dir='ltr'><strong>rebus</strong></span> <span class='ocrx_word' id='word_1_190' title='bbox 1235 3397 1490 3449; x_wconf 82' lang='lat' dir='ltr'>quaerere</span> <span class='ocrx_word' id='word_1_191' title='bbox 1526 3397 1609 3432; x_wconf 88' lang='lat' dir='ltr'><strong>ar·</strong></span> 
     </span>
     <span class='ocr_line' id='line_1_40' title="bbox 642 3451 1611 3516; baseline 0 -16"><span class='ocrx_word' id='word_1_192' title='bbox 642 3452 896 3516; x_wconf 86' lang='lat' dir='ltr'><strong>bitratur‚</strong></span> <span class='ocrx_word' id='word_1_193' title='bbox 930 3466 1066 3516; x_wconf 89' lang='lat' dir='ltr'><strong>quae</strong></span> <span class='ocrx_word' id='word_1_194' title='bbox 1111 3453 1180 3500; x_wconf 87' lang='lat' dir='ltr'><strong>ad</strong></span> <span class='ocrx_word' id='word_1_195' title='bbox 1216 3467 1426 3502; x_wconf 88' lang='lat' dir='ltr'><strong>cursum</strong></span> <span class='ocrx_word' id='word_1_196' title='bbox 1470 3451 1611 3500; x_wconf 82' lang='lat' dir='ltr'><strong>vitae</strong></span> 
     </span>
     <span class='ocr_line' id='line_1_41' title="bbox 637 3519 1609 3572; baseline -0.001 -3"><span class='ocrx_word' id='word_1_197' title='bbox 637 3519 865 3569; x_wconf 79' lang='lat' dir='ltr'><strong>feliciter</strong></span> <span class='ocrx_word' id='word_1_198' title='bbox 919 3521 1002 3570; x_wconf 78' lang='lat' dir='ltr'><strong>vel</strong></span> <span class='ocrx_word' id='word_1_199' title='bbox 1078 3521 1467 3572; x_wconf 86' lang='lat' dir='ltr'><strong>instituendum</strong></span> <span class='ocrx_word' id='word_1_200' title='bbox 1526 3520 1609 3570; x_wconf 83' lang='lat' dir='ltr'><strong>vel</strong></span> 
     </span>
     <span class='ocr_line' id='line_1_42' title="bbox 641 3589 1611 3653; baseline 0.002 -18"><span class='ocrx_word' id='word_1_201' title='bbox 641 3589 1064 3652; x_wconf 71' lang='lat' dir='ltr'><strong>persequendum</strong></span> <span class='ocrx_word' id='word_1_202' title='bbox 1080 3591 1362 3653; x_wconf 85' lang='lat' dir='ltr'><strong>plurimum</strong></span> <span class='ocrx_word' id='word_1_203' title='bbox 1375 3591 1611 3648; x_wconf 77' lang='lat' dir='ltr'><strong>valeant:</strong></span> 
     </span>
     <span class='ocr_line' id='line_1_43' title="bbox 639 3655 1608 3721; baseline 0.003 -17"><span class='ocrx_word' id='word_1_204' title='bbox 639 3655 848 3716; x_wconf 80' lang='lat' dir='ltr'><strong>Quibus</strong></span> <span class='ocrx_word' id='word_1_205' title='bbox 885 3659 1160 3721; x_wconf 75' lang='lat' dir='ltr'><strong>explicatis</strong></span> <span class='ocrx_word' id='word_1_206' title='bbox 1198 3661 1451 3709; x_wconf 83' lang='lat' dir='ltr'><strong>universe</strong></span> <span class='ocrx_word' id='word_1_207' title='bbox 1484 3659 1608 3708; x_wconf 89' lang='lat' dir='ltr'><strong>sub-</strong></span> 
     </span>
     <span class='ocr_line' id='line_1_44' title="bbox 639 3724 1609 3792; baseline 0.002 -18"><span class='ocrx_word' id='word_1_208' title='bbox 639 3727 816 3790; x_wconf 79' lang='lat' dir='ltr'><strong>iungit</strong></span> <span class='ocrx_word' id='word_1_209' title='bbox 861 3725 973 3776; x_wconf 85' lang='lat' dir='ltr'><strong>fere</strong></span> <span class='ocrx_word' id='word_1_210' title='bbox 1025 3724 1173 3776; x_wconf 87' lang='lat' dir='ltr'><strong>haec.</strong></span> <span class='ocrx_word' id='word_1_211' title='bbox 1258 3728 1609 3792; x_wconf 79' lang='lat' dir='ltr'><strong>Quamquam,</strong></span> 
     </span>
     <span class='ocr_line' id='line_1_45' title="bbox 638 3793 1609 3859; baseline 0.004 -15"><span class='ocrx_word' id='word_1_212' title='bbox 638 3796 832 3859; x_wconf 89' lang='lat' dir='ltr'><strong>inquit,</strong></span> <span class='ocrx_word' id='word_1_213' title='bbox 869 3811 954 3845; x_wconf 88' lang='lat' dir='ltr'><strong>res</strong></span> <span class='ocrx_word' id='word_1_214' title='bbox 989 3793 1252 3848; x_wconf 85' lang='lat' dir='ltr'><strong>humanae</strong></span> <span class='ocrx_word' id='word_1_215' title='bbox 1294 3805 1444 3848; x_wconf 86' lang='lat' dir='ltr'><strong>tanta</strong></span> <span class='ocrx_word' id='word_1_216' title='bbox 1480 3811 1609 3848; x_wconf 84' lang='lat' dir='ltr'><strong>cura</strong></span> 
     </span>
     <span class='ocr_line' id='line_1_46' title="bbox 639 3864 1608 3930; baseline 0.002 -17"><span class='ocrx_word' id='word_1_217' title='bbox 639 3865 1050 3930; x_wconf 74' lang='lat' dir='ltr'><strong>haudquaquam</strong></span> <span class='ocrx_word' id='word_1_218' title='bbox 1087 3867 1282 3930; x_wconf 81' lang='lat' dir='ltr'><strong>dignae</strong></span> <span class='ocrx_word' id='word_1_219' title='bbox 1319 3873 1457 3918; x_wconf 85' lang='lat' dir='ltr'><strong>sunt.</strong></span> <span class='ocrx_word' id='word_1_220' title='bbox 1500 3864 1608 3916; x_wconf 90' lang='lat' dir='ltr'><strong>Sed</strong></span> 
     </span>
     <span class='ocr_line' id='line_1_47' title="bbox 638 3935 1611 3997; baseline -0.001 -14"><span class='ocrx_word' id='word_1_221' title='bbox 638 3942 720 3983; x_wconf 86' lang='lat' dir='ltr'><strong>est</strong></span> <span class='ocrx_word' id='word_1_222' title='bbox 747 3935 880 3985; x_wconf 87' lang='lat' dir='ltr'><strong>haec</strong></span> <span class='ocrx_word' id='word_1_223' title='bbox 912 3935 1052 3984; x_wconf 86' lang='lat' dir='ltr'><strong>vitae</strong></span> <span class='ocrx_word' id='word_1_224' title='bbox 1085 3945 1302 3987; x_wconf 85' lang='lat' dir='ltr'><strong>nostrae</strong></span> <span class='ocrx_word' id='word_1_225' title='bbox 1339 3937 1478 3985; x_wconf 83' lang='lat' dir='ltr'><strong>ratio</strong></span> <span class='ocrx_word' id='word_1_226' title='bbox 1499 3972 1513 3997; x_wconf 92' lang='lat'><strong>,</strong></span> <span class='ocrx_word' id='word_1_227' title='bbox 1553 3943 1611 3983; x_wconf 83' lang='lat' dir='ltr'><strong>ut</strong></span> 
     </span>
     <span class='ocr_line' id='line_1_48' title="bbox 637 4005 1610 4070; baseline 0.001 -18"><span class='ocrx_word' id='word_1_228' title='bbox 637 4005 706 4052; x_wconf 87' lang='lat' dir='ltr'><strong>iis</strong></span> <span class='ocrx_word' id='word_1_229' title='bbox 752 4006 936 4068; x_wconf 87' lang='lat' dir='ltr'><strong>utique</strong></span> <span class='ocrx_word' id='word_1_230' title='bbox 986 4007 1157 4056; x_wconf 86' lang='lat' dir='ltr'><strong>maius</strong></span> <span class='ocrx_word' id='word_1_231' title='bbox 1197 4007 1466 4070; x_wconf 81' lang='lat' dir='ltr'><strong>quoddam</strong></span> <span class='ocrx_word' id='word_1_232' title='bbox 1502 4011 1610 4053; x_wconf 83' lang='lat' dir='ltr'><strong>stu-</strong></span> 
     </span>
     <span class='ocr_line' id='line_1_49' title="bbox 637 4073 1609 4140; baseline 0.002 -20"><span class='ocrx_word' id='word_1_233' title='bbox 637 4073 815 4136; x_wconf 89' lang='lat' dir='ltr'><strong>dium,</strong></span> <span class='ocrx_word' id='word_1_234' title='bbox 915 4077 1156 4140; x_wconf 84' lang='lat' dir='ltr'><strong>quamvis</strong></span> <span class='ocrx_word' id='word_1_235' title='bbox 1235 4089 1609 4126; x_wconf 83' lang='lat' dir='ltr'><strong>aerumnosum</strong></span> 
     </span>
     <span class='ocr_line' id='line_1_50' title="bbox 637 4141 1615 4208; baseline 0.004 -20"><span class='ocrx_word' id='word_1_236' title='bbox 637 4141 770 4189; x_wconf 84' lang='lat' dir='ltr'><strong>illud</strong></span> <span class='ocrx_word' id='word_1_237' title='bbox 813 4157 911 4190; x_wconf 88' lang='lat' dir='ltr'><strong>nec</strong></span> <span class='ocrx_word' id='word_1_238' title='bbox 947 4143 1060 4192; x_wconf 83' lang='lat' dir='ltr'><strong>ullu</strong></span> <span class='ocrx_word' id='word_1_239' title='bbox 1093 4159 1161 4192; x_wconf 89' lang='lat' dir='ltr'><strong>ex</strong></span> <span class='ocrx_word' id='word_1_240' title='bbox 1197 4152 1348 4208; x_wconf 88' lang='lat' dir='ltr'><strong>parte</strong></span> <span class='ocrx_word' id='word_1_241' title='bbox 1377 4145 1615 4204; x_wconf 86' lang='lat' dir='ltr'><strong>beatum,</strong></span> 
     </span>
     <span class='ocr_line' id='line_1_51' title="bbox 639 4209 1610 4270; baseline 0.007 -16"><span class='ocrx_word' id='word_1_242' title='bbox 639 4209 1048 4270; x_wconf 82' lang='lat' dir='ltr'><strong>impendendum</strong></span> <span class='ocrx_word' id='word_1_243' title='bbox 1087 4215 1171 4261; x_wconf 84' lang='lat' dir='ltr'><strong>sit.</strong></span> <span class='ocrx_word' id='word_1_244' title='bbox 1229 4212 1495 4262; x_wconf 79' lang='lat' dir='ltr'><strong>Nimirum</strong></span> <span class='ocrx_word' id='word_1_245' title='bbox 1531 4227 1610 4261; x_wconf 86' lang='lat' dir='ltr'><strong>se·</strong></span> 
     </span>
    </p>
   </div>
   <div class='ocr_carea' id='block_1_9' title="bbox 1081 1186 2693 1257">
    <p class='ocr_par' dir='ltr' id='par_1_9' title="bbox 1081 1186 2693 1257">
     <span class='ocr_line' id='line_1_52' title="bbox 1081 1186 2693 1257; baseline 0.002 -18"><span class='ocrx_word' id='word_1_246' title='bbox 1081 1208 1105 1239; x_wconf 83' lang='grc' dir='ltr'><strong><em>τ</em></strong></span> <span class='ocrx_word' id='word_1_247' title='bbox 1119 1188 1151 1241; x_wconf 78' lang='grc' dir='ltr'><em>ἁ</em></span> <span class='ocrx_word' id='word_1_248' title='bbox 1186 1206 1298 1255; x_wconf 86' lang='grc' dir='ltr'><strong>τρο</strong></span> <span class='ocrx_word' id='word_1_249' title='bbox 1313 1205 1377 1239; x_wconf 72' lang='grc' dir='ltr'><strong>πι</strong></span> <span class='ocrx_word' id='word_1_250' title='bbox 1393 1186 1422 1237; x_wconf 78' lang='grc' dir='ltr'><strong><em>δ</em></strong></span> <span class='ocrx_word' id='word_1_251' title='bbox 1436 1191 1569 1255; x_wconf 72' lang='grc' dir='ltr'><strong><em>εἴα]</em></strong></span> <span class='ocrx_word' id='word_1_252' title='bbox 1608 1190 1701 1243; x_wconf 73' lang='lat' dir='ltr'><strong>Sic</strong></span> <span class='ocrx_word' id='word_1_253' title='bbox 1721 1194 1789 1241; x_wconf 79' lang='lat' dir='ltr'><strong>A.</strong></span> <span class='ocrx_word' id='word_1_254' title='bbox 1836 1188 1895 1239; x_wconf 79' lang='grc' dir='ltr'><strong>Ω.</strong></span> <span class='ocrx_word' id='word_1_255' title='bbox 1934 1208 1987 1241; x_wconf 87' lang='lat' dir='ltr'><strong>x.</strong></span> <span class='ocrx_word' id='word_1_256' title='bbox 2057 1191 2231 1257; x_wconf 74' lang='lat' dir='ltr'><strong>Vulgo</strong></span> <span class='ocrx_word' id='word_1_257' title='bbox 2272 1190 2538 1256; x_wconf 69' lang='grc' dir='ltr'><strong><em>τροπέδια.</em></strong></span> <span class='ocrx_word' id='word_1_258' title='bbox 2586 1194 2693 1243; x_wconf 76' lang='lat' dir='ltr'><strong>Alii</strong></span> 
     </span>
    </p>
   </div>
   <div class='ocr_carea' id='block_1_10' title="bbox 1710 1378 2698 2482">
    <p class='ocr_par' dir='ltr' id='par_1_10' title="bbox 1710 1378 2698 2482">
     <span class='ocr_line' id='line_1_53' title="bbox 1713 1378 2697 1443; baseline 0.006 -18"><span class='ocrx_word' id='word_1_259' title='bbox 1713 1378 1827 1426; x_wconf 87' lang='lat' dir='ltr'><strong>riae</strong></span> <span class='ocrx_word' id='word_1_260' title='bbox 1877 1382 2083 1435; x_wconf 79' lang='lat' dir='ltr'><strong>tautum</strong></span> <span class='ocrx_word' id='word_1_261' title='bbox 2125 1392 2211 1428; x_wconf 85' lang='lat' dir='ltr'><strong>res</strong></span> <span class='ocrx_word' id='word_1_262' title='bbox 2256 1379 2405 1427; x_wconf 86' lang='lat' dir='ltr'><strong>serio</strong></span> <span class='ocrx_word' id='word_1_263' title='bbox 2452 1380 2697 1443; x_wconf 76' lang='lat' dir='ltr'><strong>agendae</strong></span> 
     </span>
     <span class='ocr_line' id='line_1_54' title="bbox 1714 1446 2693 1499; baseline 0.004 -4"><span class='ocrx_word' id='word_1_264' title='bbox 1714 1460 1774 1495; x_wconf 86' lang='lat' dir='ltr'><strong>ac</strong></span> <span class='ocrx_word' id='word_1_265' title='bbox 1820 1447 2129 1495; x_wconf 82' lang='lat' dir='ltr'><strong>tractandae</strong></span> <span class='ocrx_word' id='word_1_266' title='bbox 2178 1458 2319 1497; x_wconf 88' lang='lat' dir='ltr'><strong>sunt.</strong></span> <span class='ocrx_word' id='word_1_267' title='bbox 2394 1446 2556 1497; x_wconf 83' lang='lat' dir='ltr'><strong>Nihil</strong></span> <span class='ocrx_word' id='word_1_268' title='bbox 2602 1464 2693 1499; x_wconf 89' lang='lat' dir='ltr'><strong>au·</strong></span> 
     </span>
     <span class='ocr_line' id='line_1_55' title="bbox 1710 1516 2696 1581; baseline 0.004 -18"><span class='ocrx_word' id='word_1_269' title='bbox 1710 1522 1820 1565; x_wconf 82' lang='lat' dir='ltr'><strong>tem</strong></span> <span class='ocrx_word' id='word_1_270' title='bbox 1866 1520 1980 1577; x_wconf 87' lang='lat' dir='ltr'><strong>est,</strong></span> <span class='ocrx_word' id='word_1_271' title='bbox 2029 1516 2174 1579; x_wconf 86' lang='lat' dir='ltr'><strong>quod</strong></span> <span class='ocrx_word' id='word_1_272' title='bbox 2218 1518 2425 1567; x_wconf 83' lang='lat' dir='ltr'><strong>maiore</strong></span> <span class='ocrx_word' id='word_1_273' title='bbox 2472 1518 2696 1581; x_wconf 77' lang='lat' dir='ltr'><strong>dignum</strong></span> 
     </span>
     <span class='ocr_line' id='line_1_56' title="bbox 1712 1586 2695 1650; baseline 0.001 -15"><span class='ocrx_word' id='word_1_274' title='bbox 1712 1586 1785 1635; x_wconf 85' lang='lat' dir='ltr'><strong>sit</strong></span> <span class='ocrx_word' id='word_1_275' title='bbox 1820 1586 2019 1645; x_wconf 83' lang='lat' dir='ltr'><strong>studio,</strong></span> <span class='ocrx_word' id='word_1_276' title='bbox 2046 1601 2205 1649; x_wconf 83' lang='lat' dir='ltr'><strong>quam</strong></span> <span class='ocrx_word' id='word_1_277' title='bbox 2230 1586 2495 1647; x_wconf 79' lang='lat' dir='ltr'><strong>Deus,ad</strong></span> <span class='ocrx_word' id='word_1_278' title='bbox 2538 1602 2695 1650; x_wconf 84' lang='lat' dir='ltr'><strong>quem</strong></span> 
     </span>
     <span class='ocr_line' id='line_1_57' title="bbox 1715 1654 2694 1720; baseline 0.004 -19"><span class='ocrx_word' id='word_1_279' title='bbox 1715 1656 2005 1717; x_wconf 85' lang='lat' dir='ltr'><strong>comparati</strong></span> <span class='ocrx_word' id='word_1_280' title='bbox 2042 1654 2284 1704; x_wconf 86' lang='lat' dir='ltr'><strong>homines</strong></span> <span class='ocrx_word' id='word_1_281' title='bbox 2332 1655 2475 1703; x_wconf 85' lang='lat' dir='ltr'><strong>nihil</strong></span> <span class='ocrx_word' id='word_1_282' title='bbox 2514 1657 2694 1720; x_wconf 84' lang='lat' dir='ltr'><strong>profe·</strong></span> 
     </span>
     <span class='ocr_line' id='line_1_58' title="bbox 1715 1722 2696 1789; baseline 0.002 -18"><span class='ocrx_word' id='word_1_283' title='bbox 1715 1731 1801 1771; x_wconf 80' lang='lat' dir='ltr'><strong>eto</strong></span> <span class='ocrx_word' id='word_1_284' title='bbox 1840 1722 2036 1772; x_wconf 86' lang='lat' dir='ltr'><strong>habere</strong></span> <span class='ocrx_word' id='word_1_285' title='bbox 2075 1725 2245 1772; x_wconf 81' lang='lat' dir='ltr'><strong>videri</strong></span> <span class='ocrx_word' id='word_1_286' title='bbox 2283 1724 2509 1785; x_wconf 87' lang='lat' dir='ltr'><strong>debent,</strong></span> <span class='ocrx_word' id='word_1_287' title='bbox 2551 1728 2696 1789; x_wconf 88' lang='lat' dir='ltr'><strong>quod</strong></span> 
     </span>
     <span class='ocr_line' id='line_1_59' title="bbox 1716 1792 2695 1855; baseline 0.001 -13"><span class='ocrx_word' id='word_1_288' title='bbox 1716 1792 2009 1842; x_wconf 79' lang='lat' dir='ltr'><strong>studiosius</strong></span> <span class='ocrx_word' id='word_1_289' title='bbox 2044 1793 2119 1843; x_wconf 83' lang='lat' dir='ltr'><strong>sit</strong></span> <span class='ocrx_word' id='word_1_290' title='bbox 2150 1794 2467 1855; x_wconf 84' lang='lat' dir='ltr'><strong>curandum,</strong></span> <span class='ocrx_word' id='word_1_291' title='bbox 2505 1808 2575 1844; x_wconf 79' lang='lat' dir='ltr'><strong>ae</strong></span> <span class='ocrx_word' id='word_1_292' title='bbox 2610 1810 2695 1843; x_wconf 78' lang='lat' dir='ltr'><strong>ve·</strong></span> 
     </span>
     <span class='ocr_line' id='line_1_60' title="bbox 1714 1860 2697 1912; baseline 0.002 -2"><span class='ocrx_word' id='word_1_293' title='bbox 1714 1862 1923 1910; x_wconf 89' lang='lat' dir='ltr'><strong>rissime</strong></span> <span class='ocrx_word' id='word_1_294' title='bbox 1972 1860 2212 1911; x_wconf 81' lang='lat' dir='ltr'><strong>videmur</strong></span> <span class='ocrx_word' id='word_1_295' title='bbox 2263 1869 2425 1912; x_wconf 85' lang='lat' dir='ltr'><strong>antea</strong></span> <span class='ocrx_word' id='word_1_296' title='bbox 2486 1864 2697 1912; x_wconf 87' lang='lat' dir='ltr'><strong>iudica·</strong></span> 
     </span>
     <span class='ocr_line' id='line_1_61' title="bbox 1714 1929 2698 1997; baseline 0.003 -18"><span class='ocrx_word' id='word_1_297' title='bbox 1714 1932 1887 1990; x_wconf 82' lang='lat' dir='ltr'><strong>visse,</strong></span> <span class='ocrx_word' id='word_1_298' title='bbox 1940 1929 2182 1980; x_wconf 84' lang='lat' dir='ltr'><strong>homines</strong></span> <span class='ocrx_word' id='word_1_299' title='bbox 2246 1945 2363 1981; x_wconf 86' lang='lat' dir='ltr'><strong>esse</strong></span> <span class='ocrx_word' id='word_1_300' title='bbox 2434 1937 2698 1997; x_wconf 84' lang='lat' dir='ltr'><strong>tanquam</strong></span> 
     </span>
     <span class='ocr_line' id='line_1_62' title="bbox 1714 1998 2696 2065; baseline 0.006 -18"><span class='ocrx_word' id='word_1_301' title='bbox 1714 1998 1947 2049; x_wconf 87' lang='lat' dir='ltr'><strong>ludibria</strong></span> <span class='ocrx_word' id='word_1_302' title='bbox 2002 2000 2239 2049; x_wconf 86' lang='lat' dir='ltr'><strong>deorum.</strong></span> <span class='ocrx_word' id='word_1_303' title='bbox 2338 2000 2463 2050; x_wconf 83' lang='lat' dir='ltr'><strong>Hoc</strong></span> <span class='ocrx_word' id='word_1_304' title='bbox 2518 2003 2696 2065; x_wconf 84' lang='lat' dir='ltr'><strong>ipsum</strong></span> 
     </span>
     <span class='ocr_line' id='line_1_63' title="bbox 1712 2070 2691 2133; baseline 0.003 -16"><span class='ocrx_word' id='word_1_305' title='bbox 1712 2076 1891 2117; x_wconf 85' lang='lat' dir='ltr'><strong>autem</strong></span> <span class='ocrx_word' id='word_1_306' title='bbox 1926 2070 1982 2116; x_wconf 86' lang='lat' dir='ltr'><strong>in</strong></span> <span class='ocrx_word' id='word_1_307' title='bbox 2018 2070 2113 2131; x_wconf 87' lang='lat' dir='ltr'><strong>iis,</strong></span> <span class='ocrx_word' id='word_1_308' title='bbox 2150 2070 2195 2118; x_wconf 84' lang='lat' dir='ltr'><strong>si</strong></span> <span class='ocrx_word' id='word_1_309' title='bbox 2248 2084 2431 2118; x_wconf 83' lang='lat' dir='ltr'><strong>verum</strong></span> <span class='ocrx_word' id='word_1_310' title='bbox 2472 2073 2691 2133; x_wconf 82' lang='lat' dir='ltr'><strong>quaeri-</strong></span> 
     </span>
     <span class='ocr_line' id='line_1_64' title="bbox 1712 2139 2695 2200; baseline 0.002 -13"><span class='ocrx_word' id='word_1_311' title='bbox 1712 2153 1859 2198; x_wconf 91' lang='lat' dir='ltr'><strong>mus,</strong></span> <span class='ocrx_word' id='word_1_312' title='bbox 1929 2140 2185 2200; x_wconf 86' lang='lat' dir='ltr'><strong>optimum</strong></span> <span class='ocrx_word' id='word_1_313' title='bbox 2245 2139 2405 2188; x_wconf 86' lang='lat' dir='ltr'><strong>debet</strong></span> <span class='ocrx_word' id='word_1_314' title='bbox 2462 2142 2695 2189; x_wconf 86' lang='lat' dir='ltr'><strong>censeri.</strong></span> 
     </span>
     <span class='ocr_line' id='line_1_65' title="bbox 1713 2205 2694 2265; baseline 0.005 -11"><span class='ocrx_word' id='word_1_315' title='bbox 1713 2205 1923 2265; x_wconf 83' lang='lat' dir='ltr'><strong>Quodsi</strong></span> <span class='ocrx_word' id='word_1_316' title='bbox 1959 2222 2087 2257; x_wconf 81' lang='lat' dir='ltr'><strong>vero</strong></span> <span class='ocrx_word' id='word_1_317' title='bbox 2124 2207 2254 2257; x_wconf 83' lang='lat' dir='ltr'><strong>haec</strong></span> <span class='ocrx_word' id='word_1_318' title='bbox 2297 2222 2487 2257; x_wconf 80' lang='lat' dir='ltr'><strong>eorum</strong></span> <span class='ocrx_word' id='word_1_319' title='bbox 2536 2218 2694 2259; x_wconf 86' lang='lat' dir='ltr'><strong>natu-</strong></span> 
     </span>
     <span class='ocr_line' id='line_1_66' title="bbox 1713 2278 2694 2343; baseline 0.005 -19"><span class='ocrx_word' id='word_1_320' title='bbox 1713 2291 1777 2325; x_wconf 86' lang='lat' dir='ltr'><strong>ra</strong></span> <span class='ocrx_word' id='word_1_321' title='bbox 1818 2282 1932 2336; x_wconf 86' lang='lat' dir='ltr'><strong>est,</strong></span> <span class='ocrx_word' id='word_1_322' title='bbox 1980 2292 2077 2339; x_wconf 88' lang='lat' dir='ltr'><strong>pro</strong></span> <span class='ocrx_word' id='word_1_323' title='bbox 2138 2278 2250 2327; x_wconf 85' lang='lat' dir='ltr'><strong>eius</strong></span> <span class='ocrx_word' id='word_1_324' title='bbox 2310 2278 2498 2326; x_wconf 90' lang='lat' dir='ltr'><strong>indole</strong></span> <span class='ocrx_word' id='word_1_325' title='bbox 2558 2280 2694 2343; x_wconf 83' lang='lat' dir='ltr'><strong>ipsis</strong></span> 
     </span>
     <span class='ocr_line' id='line_1_67' title="bbox 1712 2346 2694 2410; baseline 0.002 -15"><span class='ocrx_word' id='word_1_326' title='bbox 1712 2360 1921 2410; x_wconf 82' lang='lat' dir='ltr'><strong>semper</strong></span> <span class='ocrx_word' id='word_1_327' title='bbox 1976 2346 2079 2396; x_wconf 84' lang='lat' dir='ltr'><strong>hoc</strong></span> <span class='ocrx_word' id='word_1_328' title='bbox 2134 2347 2233 2396; x_wconf 81' lang='lat' dir='ltr'><strong>erit</strong></span> <span class='ocrx_word' id='word_1_329' title='bbox 2280 2346 2581 2410; x_wconf 84' lang='lat' dir='ltr'><strong>agendum,</strong></span> <span class='ocrx_word' id='word_1_330' title='bbox 2634 2356 2694 2397; x_wconf 77' lang='lat' dir='ltr'><strong>nt</strong></span> 
     </span>
     <span class='ocr_line' id='line_1_68' title="bbox 1714 2416 2694 2482; baseline 0.002 -17"><span class='ocrx_word' id='word_1_331' title='bbox 1714 2416 2015 2482; x_wconf 74' lang='lat' dir='ltr'><strong>universam</strong></span> <span class='ocrx_word' id='word_1_332' title='bbox 2087 2417 2249 2466; x_wconf 81' lang='lat' dir='ltr'><strong>vitam</strong></span> <span class='ocrx_word' id='word_1_333' title='bbox 2322 2433 2475 2465; x_wconf 87' lang='lat' dir='ltr'><strong>suam</strong></span> <span class='ocrx_word' id='word_1_334' title='bbox 2550 2419 2694 2476; x_wconf 78' lang='lat' dir='ltr'><strong>ludis</strong></span> 
     </span>
    </p>
   </div>
   <div class='ocr_carea' id='block_1_11' title="bbox 1714 2485 2776 2552">
    <p class='ocr_par' dir='ltr' id='par_1_11' title="bbox 1714 2485 2776 2552">
     <span class='ocr_line' id='line_1_69' title="bbox 1714 2485 2776 2552; baseline 0.004 -20"><span class='ocrx_word' id='word_1_335' title='bbox 1714 2499 1871 2548; x_wconf 85' lang='lat' dir='ltr'><strong>quam</strong></span> <span class='ocrx_word' id='word_1_336' title='bbox 1913 2485 2239 2548; x_wconf 79' lang='lat' dir='ltr'><strong>pulcerrimis</strong></span> <span class='ocrx_word' id='word_1_337' title='bbox 2260 2494 2507 2535; x_wconf 84' lang='lat' dir='ltr'><strong>ornatam</strong></span> <span class='ocrx_word' id='word_1_338' title='bbox 2535 2503 2689 2552; x_wconf 86' lang='lat' dir='ltr'><strong>pera·</strong></span> <span class='ocrx_word' id='word_1_339' title='bbox 2768 2543 2776 2548; x_wconf 48' lang='grc'>,</span> 
     </span>
    </p>
   </div>
   <div class='ocr_carea' id='block_1_12' title="bbox 1707 2557 2692 4268">
    <p class='ocr_par' dir='ltr' id='par_1_12' title="bbox 1707 2557 2692 4268">
     <span class='ocr_line' id='line_1_70' title="bbox 1716 2557 2690 2618; baseline 0.002 -15"><span class='ocrx_word' id='word_1_340' title='bbox 1716 2561 1872 2616; x_wconf 85' lang='lat' dir='ltr'><strong>gant,</strong></span> <span class='ocrx_word' id='word_1_341' title='bbox 1918 2561 2106 2604; x_wconf 86' lang='lat' dir='ltr'><strong>contra</strong></span> <span class='ocrx_word' id='word_1_342' title='bbox 2152 2569 2313 2618; x_wconf 87' lang='lat' dir='ltr'><strong>quam</strong></span> <span class='ocrx_word' id='word_1_343' title='bbox 2370 2571 2519 2603; x_wconf 81' lang='lat' dir='ltr'><strong>nunc</strong></span> <span class='ocrx_word' id='word_1_344' title='bbox 2574 2557 2690 2606; x_wconf 81' lang='lat' dir='ltr'><strong>fleri</strong></span> 
     </span>
     <span class='ocr_line' id='line_1_71' title="bbox 1712 2622 2691 2675; baseline 0.002 -3"><span class='ocrx_word' id='word_1_345' title='bbox 1712 2622 1931 2672; x_wconf 82' lang='lat' dir='ltr'><strong>assolet.</strong></span> <span class='ocrx_word' id='word_1_346' title='bbox 2024 2623 2181 2672; x_wconf 87' lang='lat' dir='ltr'><strong>Nunc</strong></span> <span class='ocrx_word' id='word_1_347' title='bbox 2242 2625 2385 2673; x_wconf 90' lang='lat' dir='ltr'><strong>enim</strong></span> <span class='ocrx_word' id='word_1_348' title='bbox 2442 2624 2691 2675; x_wconf 83' lang='lat' dir='ltr'><strong>homines</strong></span> 
     </span>
     <span class='ocr_line' id='line_1_72' title="bbox 1714 2691 2691 2758; baseline 0.004 -18"><span class='ocrx_word' id='word_1_349' title='bbox 1714 2691 1877 2754; x_wconf 84' lang='lat' dir='ltr'><strong>vulgo</strong></span> <span class='ocrx_word' id='word_1_350' title='bbox 1924 2697 2140 2755; x_wconf 88' lang='lat' dir='ltr'><strong>putant,</strong></span> <span class='ocrx_word' id='word_1_351' title='bbox 2176 2693 2333 2741; x_wconf 89' lang='lat' dir='ltr'><strong>ludos</strong></span> <span class='ocrx_word' id='word_1_352' title='bbox 2378 2707 2489 2742; x_wconf 90' lang='lat' dir='ltr'><strong>non</strong></span> <span class='ocrx_word' id='word_1_353' title='bbox 2528 2710 2691 2758; x_wconf 83' lang='lat' dir='ltr'><strong>posse</strong></span> 
     </span>
     <span class='ocr_line' id='line_1_73' title="bbox 1712 2761 2690 2826; baseline 0.002 -16"><span class='ocrx_word' id='word_1_354' title='bbox 1712 2761 1857 2810; x_wconf 85' lang='lat' dir='ltr'><strong>serio</strong></span> <span class='ocrx_word' id='word_1_355' title='bbox 1893 2775 2075 2810; x_wconf 85' lang='lat' dir='ltr'><strong>carere</strong></span> <span class='ocrx_word' id='word_1_356' title='bbox 2124 2763 2303 2811; x_wconf 86' lang='lat' dir='ltr'><strong>studio</strong></span> <span class='ocrx_word' id='word_1_357' title='bbox 2338 2768 2504 2826; x_wconf 89' lang='lat' dir='ltr'><strong>atque</strong></span> <span class='ocrx_word' id='word_1_358' title='bbox 2536 2763 2690 2812; x_wconf 88' lang='lat' dir='ltr'><strong>ludo-</strong></span> 
     </span>
     <span class='ocr_line' id='line_1_74' title="bbox 1711 2832 2689 2882; baseline 0.004 -4"><span class='ocrx_word' id='word_1_359' title='bbox 1711 2844 1827 2878; x_wconf 85' lang='lat' dir='ltr'><strong>rum</strong></span> <span class='ocrx_word' id='word_1_360' title='bbox 1862 2844 2053 2879; x_wconf 86' lang='lat' dir='ltr'><strong>caussa</strong></span> <span class='ocrx_word' id='word_1_361' title='bbox 2086 2832 2228 2880; x_wconf 87' lang='lat' dir='ltr'><strong>seria</strong></span> <span class='ocrx_word' id='word_1_362' title='bbox 2258 2845 2377 2880; x_wconf 83' lang='lat' dir='ltr'><strong>esse</strong></span> <span class='ocrx_word' id='word_1_363' title='bbox 2401 2834 2689 2882; x_wconf 80' lang='lat' dir='ltr'><strong>tractanda</strong></span> 
     </span>
     <span class='ocr_line' id='line_1_75' title="bbox 1714 2899 2689 2961; baseline 0.005 -14"><span class='ocrx_word' id='word_1_364' title='bbox 1714 2905 1767 2947; x_wconf 90' lang='lat' dir='ltr'><strong>et</strong></span> <span class='ocrx_word' id='word_1_365' title='bbox 1801 2899 2027 2961; x_wconf 82' lang='lat' dir='ltr'><strong>agenda.</strong></span> <span class='ocrx_word' id='word_1_366' title='bbox 2102 2900 2283 2949; x_wconf 88' lang='lat' dir='ltr'><strong>Veluti</strong></span> <span class='ocrx_word' id='word_1_367' title='bbox 2329 2915 2443 2949; x_wconf 89' lang='lat' dir='ltr'><strong>rem</strong></span> <span class='ocrx_word' id='word_1_368' title='bbox 2492 2903 2689 2952; x_wconf 86' lang='lat' dir='ltr'><strong>milita·</strong></span> 
     </span>
     <span class='ocr_line' id='line_1_76' title="bbox 1716 2967 2691 3034; baseline 0.004 -18"><span class='ocrx_word' id='word_1_369' title='bbox 1716 2982 1827 3017; x_wconf 87' lang='lat' dir='ltr'><strong>rem</strong></span> <span class='ocrx_word' id='word_1_370' title='bbox 1871 2967 2197 3018; x_wconf 83' lang='lat' dir='ltr'><strong>arbitrantur</strong></span> <span class='ocrx_word' id='word_1_371' title='bbox 2250 2971 2401 3034; x_wconf 87' lang='lat' dir='ltr'><strong>pacis</strong></span> <span class='ocrx_word' id='word_1_372' title='bbox 2454 2973 2691 3022; x_wconf 85' lang='lat' dir='ltr'><strong>tuendae</strong></span> 
     </span>
     <span class='ocr_line' id='line_1_77' title="bbox 1714 3038 2689 3100; baseline 0.006 -15"><span class='ocrx_word' id='word_1_373' title='bbox 1714 3038 1892 3100; x_wconf 80' lang='lat' dir='ltr'><strong>gratia</strong></span> <span class='ocrx_word' id='word_1_374' title='bbox 1942 3039 2082 3086; x_wconf 80' lang='lat' dir='ltr'><strong>serio</strong></span> <span class='ocrx_word' id='word_1_375' title='bbox 2134 3052 2252 3088; x_wconf 86' lang='lat' dir='ltr'><strong>esse</strong></span> <span class='ocrx_word' id='word_1_376' title='bbox 2313 3041 2689 3090; x_wconf 84' lang='lat' dir='ltr'><strong>exercendam.</strong></span> 
     </span>
     <span class='ocr_line' id='line_1_78' title="bbox 1718 3107 2689 3174; baseline 0.005 -19"><span class='ocrx_word' id='word_1_377' title='bbox 1718 3107 1884 3169; x_wconf 77' lang='lat' dir='ltr'><strong>Atqui</strong></span> <span class='ocrx_word' id='word_1_378' title='bbox 1942 3107 2134 3161; x_wconf 85' lang='lat' dir='ltr'><strong>bellum</strong></span> <span class='ocrx_word' id='word_1_379' title='bbox 2197 3123 2469 3174; x_wconf 86' lang='lat' dir='ltr'><strong>nunquam</strong></span> <span class='ocrx_word' id='word_1_380' title='bbox 2529 3111 2689 3160; x_wconf 87' lang='lat' dir='ltr'><strong>nobis</strong></span> 
     </span>
     <span class='ocr_line' id='line_1_79' title="bbox 1714 3177 2691 3243; baseline 0.006 -20"><span class='ocrx_word' id='word_1_381' title='bbox 1714 3181 1969 3240; x_wconf 82' lang='lat' dir='ltr'><strong>tanquam</strong></span> <span class='ocrx_word' id='word_1_382' title='bbox 2028 3177 2184 3226; x_wconf 83' lang='lat' dir='ltr'><strong>ludus</strong></span> <span class='ocrx_word' id='word_1_383' title='bbox 2236 3178 2416 3226; x_wconf 83' lang='lat' dir='ltr'><strong>extitit</strong></span> <span class='ocrx_word' id='word_1_384' title='bbox 2468 3177 2691 3243; x_wconf 82' lang='lat' dir='ltr'><strong>aliquis,</strong></span> 
     </span>
     <span class='ocr_line' id='line_1_80' title="bbox 1717 3247 2691 3310; baseline 0.005 -17"><span class='ocrx_word' id='word_1_385' title='bbox 1717 3259 1824 3308; x_wconf 91' lang='lat' dir='ltr'><strong>quo</strong></span> <span class='ocrx_word' id='word_1_386' title='bbox 1884 3259 2061 3295; x_wconf 84' lang='lat' dir='ltr'><strong>mores</strong></span> <span class='ocrx_word' id='word_1_387' title='bbox 2114 3253 2167 3296; x_wconf 90' lang='lat' dir='ltr'><strong>et</strong></span> <span class='ocrx_word' id='word_1_388' title='bbox 2216 3247 2439 3310; x_wconf 82' lang='lat' dir='ltr'><strong>ingenia</strong></span> <span class='ocrx_word' id='word_1_389' title='bbox 2490 3249 2691 3298; x_wconf 80' lang='lat' dir='ltr'><strong>civium</strong></span> 
     </span>
     <span class='ocr_line' id='line_1_81' title="bbox 1714 3313 2691 3380; baseline 0.004 -18"><span class='ocrx_word' id='word_1_390' title='bbox 1714 3313 2063 3377; x_wconf 81' lang='lat' dir='ltr'><strong>fingerentur,</strong></span> <span class='ocrx_word' id='word_1_391' title='bbox 2096 3331 2271 3379; x_wconf 84' lang='lat' dir='ltr'><strong>neque</strong></span> <span class='ocrx_word' id='word_1_392' title='bbox 2294 3331 2531 3380; x_wconf 89' lang='lat' dir='ltr'><strong>unquam</strong></span> <span class='ocrx_word' id='word_1_393' title='bbox 2557 3320 2691 3366; x_wconf 77' lang='lat' dir='ltr'><strong>e‘xti-</strong></span> 
     </span>
     <span class='ocr_line' id='line_1_82' title="bbox 1714 3385 2690 3449; baseline 0.008 -19"><span class='ocrx_word' id='word_1_394' title='bbox 1714 3391 1890 3431; x_wconf 83' lang='lat' dir='ltr'><strong>turum</strong></span> <span class='ocrx_word' id='word_1_395' title='bbox 1928 3391 2025 3432; x_wconf 86' lang='lat' dir='ltr'><strong>est.</strong></span> <span class='ocrx_word' id='word_1_396' title='bbox 2077 3385 2191 3434; x_wconf 91' lang='lat' dir='ltr'><strong>Imo</strong></span> <span class='ocrx_word' id='word_1_397' title='bbox 2232 3399 2495 3449; x_wconf 85' lang='lat' dir='ltr'><strong>quemque</strong></span> <span class='ocrx_word' id='word_1_398' title='bbox 2527 3389 2690 3437; x_wconf 81' lang='lat' dir='ltr'><strong>vitam</strong></span> 
     </span>
     <span class='ocr_line' id='line_1_83' title="bbox 1711 3454 2691 3518; baseline 0.004 -16"><span class='ocrx_word' id='word_1_399' title='bbox 1711 3467 1859 3502; x_wconf 82' lang='lat' dir='ltr'><strong>suam</strong></span> <span class='ocrx_word' id='word_1_400' title='bbox 1907 3454 1961 3500; x_wconf 88' lang='lat' dir='ltr'><strong>in</strong></span> <span class='ocrx_word' id='word_1_401' title='bbox 2007 3468 2135 3516; x_wconf 87' lang='lat' dir='ltr'><strong>pace</strong></span> <span class='ocrx_word' id='word_1_402' title='bbox 2192 3461 2245 3503; x_wconf 89' lang='lat' dir='ltr'><strong>et</strong></span> <span class='ocrx_word' id='word_1_403' title='bbox 2291 3455 2691 3518; x_wconf 79' lang='lat' dir='ltr'><strong>tranquillitate</strong></span> 
     </span>
     <span class='ocr_line' id='line_1_84' title="bbox 1711 3523 2689 3589; baseline 0.006 -20"><span class='ocrx_word' id='word_1_404' title='bbox 1711 3531 1868 3584; x_wconf 86' lang='lat' dir='ltr'><strong>quam</strong></span> <span class='ocrx_word' id='word_1_405' title='bbox 1907 3523 2137 3572; x_wconf 79' lang='lat' dir='ltr'><strong>maxima</strong></span> <span class='ocrx_word' id='word_1_406' title='bbox 2172 3523 2327 3575; x_wconf 87' lang='lat' dir='ltr'><strong>decet</strong></span> <span class='ocrx_word' id='word_1_407' title='bbox 2368 3527 2689 3589; x_wconf 82' lang='lat' dir='ltr'><strong>transigere.</strong></span> 
     </span>
     <span class='ocr_line' id='line_1_85' title="bbox 1710 3587 2692 3655; baseline 0.008 -18"><span class='ocrx_word' id='word_1_408' title='bbox 1710 3587 1985 3649; x_wconf 85' lang='lat' dir='ltr'><strong>Quaenam</strong></span> <span class='ocrx_word' id='word_1_409' title='bbox 2018 3593 2185 3655; x_wconf 81' lang='lat' dir='ltr'><strong>igitur</strong></span> <span class='ocrx_word' id='word_1_410' title='bbox 2222 3600 2371 3642; x_wconf 87' lang='lat' dir='ltr'><strong>recta</strong></span> <span class='ocrx_word' id='word_1_411' title='bbox 2406 3595 2511 3643; x_wconf 88' lang='lat' dir='ltr'><strong>erit</strong></span> <span class='ocrx_word' id='word_1_412' title='bbox 2548 3597 2692 3645; x_wconf 85' lang='lat' dir='ltr'><strong>vitae</strong></span> 
     </span>
     <span class='ocr_line' id='line_1_86' title="bbox 1708 3660 2689 3729; baseline 0.005 -21"><span class='ocrx_word' id='word_1_413' title='bbox 1708 3660 1949 3724; x_wconf 89' lang='lat' dir='ltr'><strong>agendae</strong></span> <span class='ocrx_word' id='word_1_414' title='bbox 1986 3661 2169 3710; x_wconf 71' lang='lat' dir='ltr'><strong>ratio?</strong></span> <span class='ocrx_word' id='word_1_415' title='bbox 2206 3661 2503 3713; x_wconf 83' lang='lat' dir='ltr'><strong>Enimvero</strong></span> <span class='ocrx_word' id='word_1_416' title='bbox 2528 3679 2689 3729; x_wconf 83' lang='lat' dir='ltr'><strong>opor-</strong></span> 
     </span>
     <span class='ocr_line' id='line_1_87' title="bbox 1708 3730 2689 3794; baseline 0.007 -18"><span class='ocrx_word' id='word_1_417' title='bbox 1708 3735 1786 3777; x_wconf 89' lang='lat' dir='ltr'><strong>tet</strong></span> <span class='ocrx_word' id='word_1_418' title='bbox 1822 3730 1980 3778; x_wconf 87' lang='lat' dir='ltr'><strong>ludos</strong></span> <span class='ocrx_word' id='word_1_419' title='bbox 2018 3745 2179 3794; x_wconf 82' lang='lat' dir='ltr'><strong>agere</strong></span> <span class='ocrx_word' id='word_1_420' title='bbox 2215 3733 2271 3779; x_wconf 84' lang='lat' dir='ltr'><strong>in</strong></span> <span class='ocrx_word' id='word_1_421' title='bbox 2295 3733 2484 3793; x_wconf 88' lang='lat' dir='ltr'><strong>sacris,</strong></span> <span class='ocrx_word' id='word_1_422' title='bbox 2500 3736 2563 3782; x_wconf 87' lang='lat' dir='ltr'><strong>in</strong></span> <span class='ocrx_word' id='word_1_423' title='bbox 2604 3749 2689 3783; x_wconf 81' lang='lat' dir='ltr'><strong>ca·</strong></span> 
     </span>
     <span class='ocr_line' id='line_1_88' title="bbox 1707 3799 2691 3860; baseline 0.006 -14"><span class='ocrx_word' id='word_1_424' title='bbox 1707 3799 1905 3860; x_wconf 85' lang='lat' dir='ltr'><strong>nendo,</strong></span> <span class='ocrx_word' id='word_1_425' title='bbox 1945 3801 2000 3848; x_wconf 89' lang='lat' dir='ltr'><strong>in</strong></span> <span class='ocrx_word' id='word_1_426' title='bbox 2038 3801 2303 3858; x_wconf 81' lang='lat' dir='ltr'><strong>saltando,</strong></span> <span class='ocrx_word' id='word_1_427' title='bbox 2335 3807 2395 3849; x_wconf 88' lang='lat' dir='ltr'><strong>ut</strong></span> <span class='ocrx_word' id='word_1_428' title='bbox 2431 3803 2519 3852; x_wconf 80' lang='lat' dir='ltr'><strong>vel</strong></span> <span class='ocrx_word' id='word_1_429' title='bbox 2558 3803 2691 3854; x_wconf 86' lang='lat' dir='ltr'><strong>deos</strong></span> 
     </span>
     <span class='ocr_line' id='line_1_89' title="bbox 1710 3867 2691 3934; baseline 0.003 -18"><span class='ocrx_word' id='word_1_430' title='bbox 1710 3867 1865 3917; x_wconf 87' lang='lat' dir='ltr'><strong>nobis</strong></span> <span class='ocrx_word' id='word_1_431' title='bbox 1910 3870 2194 3918; x_wconf 85' lang='lat' dir='ltr'><strong>reddamus</strong></span> <span class='ocrx_word' id='word_1_432' title='bbox 2240 3872 2538 3934; x_wconf 85' lang='lat' dir='ltr'><strong>propitios,</strong></span> <span class='ocrx_word' id='word_1_433' title='bbox 2608 3873 2691 3920; x_wconf 81' lang='lat' dir='ltr'><strong>vel</strong></span> 
     </span>
     <span class='ocr_line' id='line_1_90' title="bbox 1711 3937 2691 4002; baseline 0.003 -17"><span class='ocrx_word' id='word_1_434' title='bbox 1711 3937 1891 3986; x_wconf 86' lang='lat' dir='ltr'><strong>hostes</strong></span> <span class='ocrx_word' id='word_1_435' title='bbox 1940 3940 2229 4002; x_wconf 84' lang='lat' dir='ltr'><strong>pugnando</strong></span> <span class='ocrx_word' id='word_1_436' title='bbox 2276 3955 2462 3989; x_wconf 83' lang='lat' dir='ltr'><strong>arcere</strong></span> <span class='ocrx_word' id='word_1_437' title='bbox 2497 3957 2566 3991; x_wconf 89' lang='lat' dir='ltr'><strong>ac</strong></span> <span class='ocrx_word' id='word_1_438' title='bbox 2602 3943 2691 3989; x_wconf 80' lang='lat' dir='ltr'><strong>de·</strong></span> 
     </span>
     <span class='ocr_line' id='line_1_91' title="bbox 1712 4007 2689 4074; baseline 0.006 -21"><span class='ocrx_word' id='word_1_439' title='bbox 1712 4009 1921 4055; x_wconf 81' lang='lat' dir='ltr'><strong>vincere</strong></span> <span class='ocrx_word' id='word_1_440' title='bbox 1969 4009 2253 4070; x_wconf 74' lang='lat' dir='ltr'><strong>possimus,</strong></span> <span class='ocrx_word' id='word_1_441' title='bbox 2336 4007 2500 4067; x_wconf 88' lang='lat' dir='ltr'><strong>Quod</strong></span> <span class='ocrx_word' id='word_1_442' title='bbox 2558 4025 2689 4074; x_wconf 85' lang='lat' dir='ltr'><strong>quo-</strong></span> 
     </span>
     <span class='ocr_line' id='line_1_92' title="bbox 1712 4075 2690 4143; baseline 0.005 -20"><span class='ocrx_word' id='word_1_443' title='bbox 1712 4075 1871 4124; x_wconf 89' lang='lat' dir='ltr'><strong>modo</strong></span> <span class='ocrx_word' id='word_1_444' title='bbox 1894 4075 2034 4126; x_wconf 83' lang='lat' dir='ltr'><strong>effici</strong></span> <span class='ocrx_word' id='word_1_445' title='bbox 2072 4079 2265 4142; x_wconf 84' lang='lat' dir='ltr'><strong>possit,</strong></span> <span class='ocrx_word' id='word_1_446' title='bbox 2290 4080 2347 4128; x_wconf 92' lang='lat' dir='ltr'><strong>id</strong></span> <span class='ocrx_word' id='word_1_447' title='bbox 2371 4081 2549 4143; x_wconf 88' lang='lat' dir='ltr'><strong>ipsum</strong></span> <span class='ocrx_word' id='word_1_448' title='bbox 2574 4087 2690 4129; x_wconf 84' lang='lat' dir='ltr'><strong>tan-</strong></span> 
     </span>
     <span class='ocr_line' id='line_1_93' title="bbox 1715 4145 2690 4210; baseline 0.006 -17"><span class='ocrx_word' id='word_1_449' title='bbox 1715 4160 1875 4208; x_wconf 83' lang='lat' dir='ltr'><strong>quam·</strong></span> <span class='ocrx_word' id='word_1_450' title='bbox 1926 4145 2075 4195; x_wconf 87' lang='lat' dir='ltr'><strong>brevi</strong></span> <span class='ocrx_word' id='word_1_451' title='bbox 2124 4149 2353 4210; x_wconf 82' lang='lat' dir='ltr'><strong>quadam</strong></span> <span class='ocrx_word' id='word_1_452' title='bbox 2406 4149 2690 4198; x_wconf 85' lang='lat' dir='ltr'><strong>adumbra-</strong></span> 
     </span>
     <span class='ocr_line' id='line_1_94' title="bbox 1711 4215 2691 4268; baseline 0.005 -8"><span class='ocrx_word' id='word_1_453' title='bbox 1711 4215 1860 4263; x_wconf 82' lang='lat' dir='ltr'><strong>tione</strong></span> <span class='ocrx_word' id='word_1_454' title='bbox 1916 4217 2247 4267; x_wconf 76' lang='lat' dir='ltr'><strong>ostendimus</strong></span> <span class='ocrx_word' id='word_1_455' title='bbox 2325 4217 2691 4268; x_wconf 70' lang='lat' dir='ltr'><strong>describendis</strong></span> 
     </span>
    </p>
   </div>
  </div>
 </body>
</html>
