2857 4738
399 352 535 417 DE
583 348 1004 417 LEGIBUS
1052 347 1231 414 1213.
1279 348 1362 411 V.-
1405 348 1482 410 Ῥ.
1534 350 1674 411 732.
1724 347 1818 415 St.
2086 342 2159 417 31

129 532 354 616 ἄνδρα,
415 536 534 607 καὶ
589 527 756 609 ὅλην
809 528 1234 613 περιχάρειᾳν
1287 528 1516 589 πᾶσαν
1546 514 2171 615 ’ἀπὸκρυπτόμενον
2218 529 2255 553 ”

131 642 228 699 καὶ
282 637 740 715 περιωδυνίαν
795 631 1220 711 εὐσχημονεῖν
1275 628 1671 709 πειρᾶσθαι,
1722 632 1891 695 κατά
1946 657 2013 697 τε
2067 631 2169 707 εὐ,-

135 742 408 819 “pariae
479 740 840 817 ioioepsvov
909 734 1030 797 τοῦ
1105 732 1425 813 δαίμονος
1491 730 1777 795 ἑκάστου
1832 736 1941 798 καὶ
1995 732 2167 799 mio}

49 976 60 989 .
127 948 172 1001 a.
207 950 250 982 c.
291 930 339 981 δ.
383 940 444 983 et
479 944 653 994 marg.
697 925 758 979 Ω.
830 928 1008 991 Vulgo
1047 921 1422 987 ἀπολιπούσης.

129 1110 317 1151 nuntur
379 1102 570 1185 potius
645 1099 784 1148 inter
843 1114 900 1149 se
950 1099 1108 1147 haec:

133 1168 250 1219 κατά
294 1188 348 1220 τε
399 1164 702 1233 ευπραγίαε·
745 1174 798 1218 et
851 1169 934 1217 καὶ
986 1163 1112 1215 κατὰ

137 1239 314 1304 nixas,-
349 1242 438 1289 ita
495 1240 737 1303 quidem,
787 1246 846 1287 ut
889 1239 1112 1289 alterum

117 1318 243 1359 'cum
315 1309 610 1368 ἱσταμένου
682 1307 776 1367 τρῦ
847 1305 1112 1373 Baaeuovoc,

133 1376 348 1429 alterum
399 1394 526 1427 cum
565 1373 828 1437 δαιμόνων
863 1372 1111 1425 ἀνθιστα·

135 1449 295 1511 μένων
325 1446 774 1529 coniungendam
809 1448 895 1496 sit.
968 1445 1112 1505 Quo·

137 1521 270 1571 circa
302 1519 614 1584 prudenter
650 1519 850 1583 prim'us
871 1516 1118 1581 Bekke-

135 1605 242 1639 rus
306 1591 682 1653 importunam
737 1586 1118 1653 interpunctio·

139 1676 252 1709 nem
293 1659 551 1709 funditus
575 1658 804 1707 sustulit.
851 1657 966 1705 Iam
988 1670 1118 1705 vero

138 1737 336 1779 remoto
376 1730 491 1779 hoc
526 1720 983 1791 interpretationis
1021 1727 1118 1775 im·

141 1801 449 1863 pedimento
505 1797 810 1867 videamus,
859 1808 1117 1859 quaenam

145 1870 311 1919 verbis
389 1853 634 1917 subiec'ta
697 1866 966 1915 sententia
1021 1866 1106 1913 sit.

145 1938 214 1988 Et
245 1938 542 2008 participia
575 1937 790 1999 quidem
823 1936 918 1999 per
946 1950 998 1984 τε
1026 1933 1108 1983 καὶ

95 2002 102 2008 ’
143 2023 381 2064 connexa
429 1992 647 2056 dubium
693 2020 798 2055 non
855 2011 936 2054 est
980 2005 1110 2068 quin

146 2092 238 2139 per
284 2078 438 2127 ‘sive
493 2103 555 2113 -
609 2076 748 2123 sive
797 2074 1112 2155 ekplicanda

155 2148 283 2203 siut,
315 2148 382 2195 de
435 2160 542 2209 qua
587 2144 840 2209 loquendi
883 2145 1112 2205 ratione,

150 2215 288 2267 satis
339 2217 465 2263 trita
517 2214 638 2273 illa,
689 2230 738 2262 v·
792 2213 1113 2263 Matthiae

165 2281 258 2332 Gr.
295 2280 342 2349 §.
377 2284 492 2337 566:
539 2281 587 2335 4
636 2300 688 2346 p.
737 2282 872 2335 1314
909 2299 987 2347 sq.
1028 2282 1111 2333 ed.

166 2350 217 2406 3.
286 2350 452 2403 Porro
489 2353 634 2418 quod
675 2348 797 2402 κατὰ
835 2350 987 2439 τύχαεΙ
1026 2368 1119 2416 op-

164 2424 383 2487 ponitur
416 2431 716 2488 antegresso
767 2417 881 2474 κάτ’
926 2416 1121 2487 ezinpa-

170 2493 308 2556 γιᾞασ
345 2493 450 2542 noli
479 2501 694 2558 putare,
732 2493 865 2544 illud
915 2493 1120 2558 signifi-

172 2575 289 2612 care
333 2561 815 2615 infelicitatem
870 2567 953 2614 vel
1013 2579 1120 2613 res

170 2633 515 2694 adversam
554 2634 700 2697 quod
738 2640 878 2682 certe
911 2651 1006 2698 per
1042 2633 1121 2682 lo-

166 2703 355 2766 quendi
392 2703 828 2754 consuetudinem
863 2704 976 2754 fieri
1014 2717 1124 2754 non

167 2779 349 2834 potest.
419 2773 530 2824 lmo
569 2769 690 2837 τῦχη
730 2775 889 2836 quum
926 2775 996 2823 sit
1030 2789 1126 2821 vo·-

171 2842 402 2893 cabulum
459 2843 720 2904 medium,
771 2843 858 2892 hic
914 2858 1126 2908 quoque

167 2911 346 2962 dubios
386 2920 439 2962 et
473 2913 730 2976 ancipites
768 2928 942 2963 rerum
974 2928 1127 2962 casus

162 2983 376 3044 indicat,
397 2984 556 3032 sicuti
578 2990 798 3047 apparet
833 2983 1130 3032 luculenter

165 3053 464 3112 ervei-bis,
501 3067 636 3115 quae
673 3052 924 3102 continuo
958 3053 1127 3102 ,subii-

163 3122 389 3171 ciuntur.
464 3119 918 3178 Quemadmodum
955 3131 1128 3206 sptem

160 3190 538 3254 distinguenda
573 3197 723 3240 sunt·
762 3188 888 3240 κατὰ
935 3208 1129 3254 ευπρα-

160 3261 272 3324 γιάσ
297 3268 353 3311 et
386 3255 514 3308 κατὰ
548 3257 723 3322 τύχας,
743 3263 819 3310 ita
847 3261 1130 3313 formulae·

162 3327 288 3380 κατὰ
327 3323 612 3414 ευπραγίαε
645 3329 891 3380 ἵστασθαι
915 3339 967 3380 et
1005 3327 1130 3380 κατὰ

163 3397 320 3464 τύχας
359 3393 722 3448 ἀνθίστασθαί
746 3415 842 3448 τισι
885 3397 1132 3463 πράξεσιν

162 3470 558 3536 oppositionem
588 3469 876 3520 continent.
918 3471 1132 3520 Etenim

161 3539 525 3590 secundum
553 3541 1132 3604 rerumprosperi-

161 3617 366 3660 tatem
438 3599 616 3658 stare
676 3600 883 3658 dicitur
946 3612 1132 3674 genius

162 3681 445 3740 cuiusque,
478 3678 568 3728 ubi
601 3693 688 3728 res
723 3679 802 3728 ita
833 3685 956 3728 sunt
992 3695 1132 3730 com-

161 3754 418 3812 paratae,
498 3753 556 3795 ut
625 3748 804 3797 omnia
880 3764 1132 3815 prospere

165 3819 360 3868 cedere
396 3813 676 3866 videantur
717 3833 780 3868 ac
823 3817 974 3868 firma
1010 3821 1134 3870 sint

166 3895 332 3951 atque
398 3892 540 3946 tuta3
597 3886 696 3935 sed
766 3889 830 3936 in
904 3888 1130 3939 dubiis

167 3955 447 4007 casibus
537 3957 959 4021 ancipitique
1048 3975 1140 4010 re-

167 4042 306 4078 rum
345 4021 748 4076 conditione
783 4029 924 4090 genii
957 4027 1142 4078 dicun-

169 4105 255 4146 tur
362 4094 711 4144 obsistere
813 4097 1143 4148 hominum

173 4165 500 4216 consiliis
580 4171 645 4214 et
714 4167 1144 4228 actionibus,

176 4251 334 4300 quum
397 4249 483 4284 res
538 4234 739 4283 arduae
791 4250 854 4285 ac
897 4237 1145 4288 difficiles

178 4305 389 4368 adsunt,
419 4319 647 4369 quarum
686 4301 886 4354 satiatus
926 4313 1146 4355 eventus

1212 1098 1404 1159 dubius
1442 1102 1493 1144 et
1516 1098 1747 1147 incertus
1778 1107 1882 1159 est3
1920 1094 2174 1163 quorsum

1211 1152 1494 1217 manifesto
1531 1167 1798 1229 pertinent
1842 1168 2005 1220 ve‘rba
2042 1167 2179 1241 προς

1213 1230 1386 1301 ὑψηλὰ
1421 1236 1507 1283 καὶ
1548 1232 1757 1310 ἀνάντη.
1830 1241 2021 1303 Itaque
2056 1242 2177 1289 uni·

1213 1308 1354 1357 versi
1407 1305 1513 1354 loci
1572 1311 1834 1361 sententia
1884 1300 2019 1361 haec
2072 1318 2177 1360 est:

1215 1378 1353 1426 sive
1389 1376 1624 1437 genius
1667 1381 1991 1444 cuiusque
2036 1395 2177 1429 cou-

1215 1447 1416 1495 sistat
1470 1446 1595 1508 sic,
1640 1454 1709 1494 ut
1754 1464 1973 1498 rerum
2035 1463 2179 1513 pro·-
2210 1480 2217 1489 ·

1219 1517 1511 1597 speritae
1546 1519 1765 1579 possit
1801 1520 2181 1583 expectari3

1220 1588 1362 1635 sive
1399 1583 1466 1633 in
1504 1583 1723 1637 dubiis
1772 1589 2181 1639 condicioni-

1217 1656 1363 1716 bus,
1419 1656 1632 1703 veluti
1688 1658 1758 1707 in
1822 1659 2024 1709 rebus
2082 1672 2181 1707 ex-

1219 1725 1425 1777 celsis
1471 1732 1667 1789 atque
1704 1729 1963 1791 arduis,
2011 1729 2183 1779 obsi-

1220 1801 1397 1847 stant
1434 1794 1715 1863 genii-et
1760 1799 2183 1849 reluctentur

1215 1865 1414 1915 rebus
1450 1868 1799 1927 gerendis;
1835 1867 1888 1917 h.
1937 1884 1980 1918 e.
2028 1876 2083 1917 et
2114 1870 2171 1917 in

1208 1947 1467 1999 prospera
1500 1942 1553 1983 et
1584 1935 1643 1983 in
1676 1930 1903 1989 adversa
1938 1938 2172 1988 fortuna.

1209 2004 1328 2055 Iam
1357 2016 1490 2051 vero
1526 2002 1571 2053 si
1616 2006 1829 2069 quaeris
1874 2008 1939 2057 de
1983 2024 2173 2059 caussa

1213 2081 1266 2129 et
1293 2068 1518 2123 ratione
1561 2073 1838 2138 imaginis,
1890 2080 2173 2141 responsio

1211 2142 1264 2193 in
1313 2150 1524 2205 promtu
1569 2150 1671 2192 esto
1733 2144 1871 2211 Nam
1908 2142 1939 2194 ὁ
1978 2145 2175 2209 δαιμων

1216 2214 1468 2275 cuiusque
1514 2212 1801 2275 putabatur
1845 2230 1961 2267 esse
2006 2219 2181 2269 conci·

1217 2282 1378 2331 liator
1423 2281 1671 2331 fortunae
1721 2282 1803 2331 vel
1864 2284 2040 2334 bonae
2098 2287 2182 2336 vel

1219 2352 1495 2404 adversae.
1580 2349 1935 2410 Quamobrem
1990 2352 2185 2407 Graeci

1223 2421 1376 2486 τύχην
1414 2421 1497 2470 καὶ
1524 2418 1742 2483 δαίμονα
1765 2439 1876 2486 non
1900 2435 2023 2474 raro
2062 2441 2185 2476 con·

1219 2495 1474 2556 iungunt,
1545 2493 1774 2542 numinis
1858 2495 2187 2558 cogitatione

1219 2566 1275 2614 in
1326 2564 1401 2612 rei
1451 2563 1647 2624 ipsius,
1686 2564 1770 2612 cui
1824 2573 2056 2629 praeest,
2092 2582 2188 2616 no·-

1221 2633 1418 2683 tioncm
1464 2638 1841 2695 transmutata3
1876 2636 1942 2686 de
1988 2653 2093 2702 qua
2125 2637 2189 2685 li·

1223 2705 1424 2754 bertate
1462 2717 1644 2752 eorum
1680 2705 1911 2756 diximus
1948 2707 2016 2756 ad
2039 2705 2189 2771 Sym-

1222 2788 1339 2838 pos.
1372 2789 1426 2838 p.
1469 2772 1587 2826 196.
1625 2772 1695 2824 D.
1735 2774 1853 2829 197.
1882 2775 1945 2826 Β.
1990 2778 2061 2828 al.
2098 2777 2192 2826 ubi

1226 2843 1421 2906 ἔρωτος
1456 2845 1777 2893 mentionem
1814 2861 1919 2894 non
1956 2861 2079 2896 raro
2114 2848 2192 2896 ita

1225 2913 1339 2962 fieri
1387 2913 1685 2972 docuimus,
1722 2921 1781 2962 ut
1830 2930 2022 2965 nomen
2056 2916 2191 2965 illud

1227 2981 1383 3032 simul
1456 2989 1507 3030 et
1577 2983 1732 3032 deum
1812 2985 2070 3047 significet
2141 2993 2195 3033 et

1227 3051 1424 3102 amoris
1460 3053 1735 3103 notionem
1774 3053 2051 3114 exprimat.
2108 3051 2194 3100 De

1231 3120 1426 3182 δαίμων
1475 3121 1557 3167 καὶ
1608 3118 1727 3183 τύχη
1778 3136 1825 3168 v.
1862 3119 2192 3175 Demolsth.
2260 3181 2265 3186 ⁸

1231 3193 1351 3240 adv.
1376 3187 1585 3253 olymp.
1631 3205 1681 3254 p.
1720 3187 1872 3242 1173.
1912 3189 2195 3240 ed.Reisk.

1231 3259 1545 3312 Aeschin.
1584 3261 1704 3308 adv.
1730 3257 1966 3324 Ctesiph.
1997 3275 2047 3324 p.
2071 3259 2197 3314 505.

1233 3330 1320 3382 10.
1373 3335 1425 3376 et
1478 3327 1602 3380 544.
1662 3335 1794 3377 extr.
1856 3328 2196 3380 Plutarch.
2246 3329 2259 3346 ·“

1261 3436 1272 3448 .
1319 3414 1369 3461 p.
1417 3395 1540 3450 353.
1590 3395 1652 3452 F.
1676 3396 1825 3450 „365
1862 3397 1925 3447 B.
1965 3398 2085 3452 433.
2127 3402 2195 3450 A,

1231 3469 1353 3522 855.
1386 3467 1461 3517 D.
1502 3464 1563 3517 ΙΙ.
1600 3483 1651 3530 p.
1690 3467 1807 3520 117.
1848 3471 1919 3520 A.
1954 3471 2023 3520 al.
2084 3468 2201 3519 Iam

1237 3553 1361 3588 vero
1409 3537 1662 3600 quoniam
1709 3553 1844 3587 unus
1892 3533 2064 3590 botius
2111 3554 2199 3602 ge-

1235 3607 1355 3657 nius
1394 3609 1583 3670 cuique
1626 3621 1916 3672 prosperae
1952 3610 2200 3660 fortunae

1235 3683 1421 3727 auctor
1458 3677 1767 3727 habebatur.
1800 3679 1991 3730 dubiae
2024 3686 2201 3732 autem

1237 3754 1288 3798 ct
1324 3747 1582 3798 adversae
1618 3747 1865 3800 fortunae
1902 3752 2058 3806 etiam
2084 3749 2199 3814 plu·

1234 3833 1319 3868 res
1378 3817 1522 3879 genii
1587 3826 1830 3870 auctores
1878 3836 1993 3872 esse
2043 3831 2201 3884 posse

1233 3887 1577 3949 videbantur,
1614 3903 1725 3937 non
1772 3892 1886 3940 sine
1922 3901 2111 3940 caussa
2144 3884 2200 3934 in

1239 3959 1418 4023 priore
1486 3958 1721 4008 membro
1792 3957 2048 4010 enuntiati
2106 3953 2202 4003 10⁴3

1241 4027 1492 4088 δαίμονος
1538 4023 1759 4077 ἑκάστου
1804 4031 1856 4078 in
1904 4026 2203 4091 posteriore

1243 4106 1416 4148 autem
1464 4113 1685 4151 numero
1740 4097 1962 4182 plurali,
2010 4095 2211 4146 omisso

1245 4170 1400 4218 etiam
1439 4168 1683 4229 articulo,
1723 4162 1983 4226 δαιμόνων
2010 4165 2209 4214 mentio

1245 4239 1499 4300 ἰιιίἰυίιιιι.
1590 4237 1675 4286 Dc
1735 4236 1975 4312 pluribus
2040 4236 2211 4299 geniis

1247 4308 1448 4356 homim
1488 4321 1716 4355 immicis
1765 4305 1902 4355 conf.
1949 4303 2211 4355 Petron-
