2857 4738
704 336 820 399 102
1361 328 2062 397 ARGUMENTUM

698 504 1138 584 confabulari,
1232 512 1307 567 ut
1390 522 1602 565 sermo
1683 498 2089 586 exspatietur
2165 498 2386 586 paullo
2447 499 2711 567 liberius.

698 590 936 675 Itaque
979 587 1087 652 hic
1132 586 1352 652 denuo
1398 584 1816 651 admonuisse
1861 583 2141 667 iuvabit,
2186 584 2266 649 de
2314 606 2448 669 quo
2491 584 2712 651 dictum

699 684 800 741 est
854 674 920 739 in
968 672 1456 758 superioribus,
1519 670 1874 737 humanum
1941 692 2152 755 genus
2210 671 2557 735 auffnnllo
2611 691 2710 735 un-

698 781 895 847 quam
948 769 1247 845 tempore
1306 778 1430 823 nec
1485 748 1759 821 initsum'
1808 755 2119 820 habuisse
2173 777 2299 821 nec
2336 754 2534 821 finem
2587 777 2709 823 esse

654 845 1107 925 'habitui-um,
1186 850 1303 907 aut
1378 842 1763 907 immensum
1818 841 1955 905 fere
2021 862 2179 928 esse⁶
2223 842 2539 928 temporis
2581 864 2709 927 spa-

697 932 903 1011 tium,
963 952 1045 994 ex
1090 951 1225 1012 quo
1273 936 1490 992 ortum
1537 948 1730 991 suum
1775 927 2126 1011 acceperit.
2215 926 2360 991 Iam
2406 950 2560 993 vero
2599 937 2708 993 tam

698 1015 921 1083 multis
977 1014 1327 1101 longisque
1398 1023 1768 1097 temporum
1830 1010 2118 1099 periodis
2205 1012 2708 1077 verisimillimum

705 1110 811 1168 est
872 1100 1111 1166 multas
1169 1098 1473 1165 civitates
1518 1107 1585 1161 et
1631 1097 1928 1163 extitisse
1974 1107 2042 1161 et
2096 1119 2330 1165 rursus
2391 1099 2705 1179 interiisse,

697 1186 983 1271 ideoque
1038 1206 1251 1250 mores
1310 1194 1377 1248 et
1417 1184 1722 1249 instituta
1763 1183 1936 1247 inter
1978 1183 2280 1249 homines
2327 1204 2450 1268 pro
2493 1192 2708 1270 tempo-

697 1295 845 1349 rum
898 1271 1329 1354 locorumque
1394 1269 1714 1334 varietate
1775 1269 1996 1335 locum
2045 1268 2421 1335 obtinuisse
2463 1269 2706 1353 maxime

698 1358 919 1423 varios
976 1379 1055 1422 ac
1112 1354 1435 1420 diversos.
1539 1353 1772 1420 Veluti
1829 1354 1982 1418 olim
2039 1374 2164 1418 nec
2207 1355 2414 1420 vitem
2457 1377 2572 1419 nec
2609 1354 2707 1419 oli-

695 1464 845 1511 vam
884 1463 1005 1507 nec
1048 1442 1274 1527 fruges
1318 1440 1616 1505 extitisse
1642 1440 1988 1505 memoriae
2014 1437 2353 1525 proditum
2398 1450 2522 1506 est:
2563 1438 2708 1504 unde

696 1550 1048 1615 quamnam
1114 1523 1381 1592 tandem
1449 1525 1826 1611 putabimus
1897 1528 2190 1589 exortam
2265 1548 2412 1591 esse
2481 1522 2707 1591 vivendi

660 1610 1059 1687 sationem?
1175 1608 1504 1676 Nimirum
1592 1610 1898 1675 videntur
1950 1609 2280 1675 ‘homines
2368 1621 2507 1675 tum
2589 1630 2706 1676 sese

698 1706 931 1775 mutuo
975 1695 1442 1776 consumsisse,
1487 1705 1562 1761 ut
1605 1717 1688 1761 ne
1733 1704 1948 1761 totum
1991 1717 2205 1781 genus
2246 1697 2424 1761 fame
2469 1694 2708 1781 disperi-

699 1792 822 1849 ret.
910 1784 1016 1847 Ac
1060 1790 1363 1867 superest
1404 1780 1516 1845 hic
1561 1790 1630 1845 et
1683 1780 1821 1845 illic
1867 1780 2062 1845 etiam
2105 1804 2284 1865 nune
2329 1804 2472 1849 mos
2513 1779 2705 1847 crude·

700 1867 1017 1948 hesimus,
1067 1889 1197 1951 quo
1240 1862 1538 1932 homines
1581 1866 1663 1931 ab
1707 1864 2086 1931 hominibus
2129 1876 2506 1932 mactantur
2545 1880 2703 1949 atque

702 1952 1176 2021 sacrificantur.
1267 1951 1421 2017 Alia
1477 1966 1705 2016 rursus
1751 1948 1836 2015 de
1879 1951 2150 2016 aliarum
2194 1962 2518 2018 terrarum
2560 1952 2697 2016 ineo·

700 2039 783 2107 lis
838 2046 1230 2121 narrantur,
1288 2034 1482 2121 quale
1541 2046 1642 2103 est
1697 2034 1883 2119 illud,
1967 2035 2148 2121 quod
2211 2036 2372 2103 olim
2443 2038 2698 2102 dicuntur

675 2124 931 2207 finiam,
980 2123 1095 2207 qui
1138 2143 1217 2187 eo
1260 2145 1339 2188 us
1388 2144 1472 2185 ue
1519 2120 1810 2189 carnium
1857 2142 1976 2187 esu
2020 2122 2472 2206 abstinerent,
2516 2132 2584 2187 ut
2617 2141 2700 2187 eae

653 2225 663 2239 ·
704 2233 789 2277 ne
832 2207 1175 2275 sacrificiis
1235 2206 1348 2292 qui
1400 2230 1502 2271 em
1545 2205 1967 2284 adhiberent3
2011 2206 2201 2276 ,unde
2264 2210 2406 2274 vita
2449 2206 2701 2293 Orphica

702 2318 943 2363 nomen
1008 2293 1306 2380 accepit,
1364 2315 1497 2379 qua
1562 2293 1674 2378 qui
1719 2292 1826 2356 usi
1871 2293 2080 2378 sunt,
2118 2294 2164 2357 ii
2205 2313 2366 2359 non·
2393 2294 2519 2359 alio
2561 2291 2701 2357 victu

702 2382 986 2466 ciboque
1068 2380 1200 2446 nisi
1288 2399 1506 2444 rerum
1589 2379 2092 2444 inanimatarnm
2165 2380 2302 2444 frui
2387 2398 2701 2447 consueve-

700 2475 875 2532 runt.
966 2464 1100 2533 Sed
1149 2486 1463 2548 quorsum
1508 2462 1771 2530 tandem
1815 2464 1946 2530 ista
1973 2464 2313 2551 pertinent
2357 2459 2525 2550 'quae
2562 2483 2701 2530 nune

700 2551 1037 2636 disputare
1081 2549 1534 2616 instituimus?
1607 2549 1936 2616 Nimirum
1964 2551 2386 2638 propositum
2427 2552 2546 2616 fuit
2581 2548 2700 2624 hoe,

702 2645 780 2700 ut
818 2635 1014 2700 simul
1055 2642 1424 2720 appareret,
1473 2634 1693 2698 omnia
1736 2633 2070 2720 hominurn
2099 2636 2328 2702 studia
2368 2646 2435 2702 et
2471 2631 2701 2702 consilia

700 2720 980 2787 maxime
1041 2739 1121 2782 ex
1179 2717 1422 2803 triplici
1481 2717 1848 2803 indigentia
1901 2730 1966 2786 et
2010 2743 2092 2786 cu
2142 2721 2378 2786 iditate
2424 2737 2702 2806 suspensa

700 2825 882 2887 esse,
940 2825 1021 2867 ex
1068 2801 1345 2888 quibust,
1392 2803 1449 2869 si
1496 2815 1674 2870 recte
1729 2803 2057 2871 ducantur
2147 2807 2467 2890 omineS„
2493 2807 2698 2878 virtus;

700 2889 805 2955 sin
861 2888 1029 2954 male
1049 2937 1068 2970 ,
1132 2889 1528 2954 contrarium
1576 2889 1868 2959 exsistat.
1955 2891 2260 2957 Pertinet
2304 2913 2461 2958 vero
2501 2889 2700 2976 triplex

698 2974 833 3042 ista
884 2974 1253 3060 indigentia
1312 2984 1380 3039 et
1439 2977 1770 3061 cupiditas
1848 2974 1931 3042 ad
2003 2977 2284 3061 cibum,
2333 2978 2418 3042 ad
2487 2984 2697 3063 potum,

704 3069 773 3126 et
816 3059 902 3124 ad
945 3082 1272 3142 venerem,
1320 3058 1500 3126 unde
1543 3061 1733 3145 qnasi
1777 3071 1913 3126 tres
1960 3063 2170 3128 morbi
2207 3072 2484 3131 naturae
2513 3061 2702 3126 huma-
2767 3119 2769 3122 Α

700 3167 823 3212 nae
884 3153 1264 3210 nascuntur.
1370 3145 1506 3226 Qui
1577 3145 1842 3230 quidem
1901 3146 1996 3212 ita
2063 3146 2312 3214 debent
2368 3150 2440 3213 in
2505 3144 2698 3210 melius

700 3230 1032 3313 converti,
1096 3238 1175 3294 ut
1219 3240 1285 3294 et
1346 3241 1526 3298 metu
1582 3240 1650 3297 et
1693 3232 1756 3296 le
1808 3254 1843 3296 e
1885 3241 1951 3297 et
1993 3233 2247 3298 ratione
2293 3236 2707 3308 coerceantur,

698 3335 1001 3414 represso
1058 3313 1489 3380 iucunditatis
1547 3338 1624 3382 ac
1680 3340 1765 3382 vo
1793 3317 2043 3402 uptatis
2101 3320 2424 3405 appetitu.
2510 3318 2697 3397 Atque

702 3409 898 3464 etlam
964 3399 1309 3466 Musarum
1367 3401 1897 3486 reliquorumque
1953 3403 2224 3468 deorum
2271 3402 2612 3486 certamina
2645 3397 2697 3460 in

700 3484 1018 3550 auxilium
1078 3486 1377 3550 vocanda
1415 3496 1596 3567 sunt,
1629 3497 1778 3571 ·quo
1837 3487 2096 3554 Facilius
2153 3512 2380 3555 eorum
2444 3489 2537 3553 vis
2576 3505 2715 3570 pr⁰·.

666 3607 677 3616 ·
748 3568 1003 3634 ulsetur
1060 3579 1127 3633 et
1183 3580 1612 3639 removeatur.
1661 3609 1740 3620 --
1842 3570 1977 3637 Sed
2034 3582 2109 3638 ut
2150 3586 2546 3640 revertamur
2581 3581 2696 3633 tan-

702 3593 865 3720 gem
910 3653 992 3718 ad
1052 3654 1157 3736 id,
1222 3654 1397 3720 unde
1457 3657 1678 3741 paullo
1738 3666 1890 3722 ante
1949 3656 2218 3724 deflexit
2273 3661 2516 3736 orati0‚
2573 3661 2696 3740 post

704 3737 973 3824 nuptias
1028 3749 1544 3806 consentaneum
1601 3750 1741 3824 est,
1807 3742 2052 3807 liberos
2106 3745 2386 3844 primum
2439 3740 2611 3830 gigni
2645 3745 2696 3799 et

750 3825 1069 3904 rocreari3
1131 3824 1371 3893 deinde
1428 3827 1627 3890 etiam
1688 3826 1960 3894 educari
1999 3837 2067 3892 et
2109 3830 2365 3896 institui
2409 3835 2692 3929 oportere.

774 3932 890 3976 aec
944 3933 1103 3979 vero
1170 3911 1365 3976 nobis
1424 3911 1492 3974 in
1563 3932 1860 3978 sermone
1931 3922 2158 3980 nostro
2227 3909 2691 4002 .respic1entibus

704 3985 843 4062 fieri
909 4019 1042 4061 non
1083 3995 1365 4081 poterit,
1478 3994 1592 4061 uin
1636 3995 1800 4064 aliae
1843 4008 2040 4084 atque
2085 3999 2252 4065 aliae
2293 4002 2468 4088 leges
2509 3991 2690 4062 obori-

702 4090 933 4162 antur,
994 4103 1203 4164 usque
1248 4078 1405 4144 dum
1497 4080 1736 4165 enique
1777 4085 1975 4150 etiam
2020 4084 2252 4152 ordine
2293 4085 2587 4168 deinceps
2626 4073 2689 4139 ad

701 4165 967 4252 publica
1007 4166 1120 4230 illa
1164 4165 1469 4228 convivia
1511 4169 1980 4254 perveniamus.
2027 4177 2037 4184 '
2071 4169 2178 4236 Eo
2207 4172 2418 4256 ‘igitur
2461 4165 2561 4234 ubi
2601 4161 2690 4225 de·
