2857 4738
796 305 801 314 ’
858 335 1109 415 msa}
1176 335 1538 418 Quium.-
2154 341 2194 402 5

150 509 521 574 animorum
580 499 963 587 affectione,
1026 529 1194 591 quae
1250 508 1314 573 in
1386 509 1582 572 rebus
1667 504 1940 574 divinis⁸
1977 511 2192 576 locum

152 595 395 659 habere
456 593 715 658 debeat.
815 591 1075 674 Quibus
1137 586 1478 680 subiun’git
1543 593 1780 660 deinde
1825 599 2018 661 etiam
2068 597 2194 662 alia

152 682 890 765 virmtis..praecepta,·
950 701 1164 762 quae,
1215 681 1412 750 sicuti
1459 681 1604 765 ipse
1651 682 1746 746 ait
1783 705 1846 767 p.
1893 685 2038 748 732.
2085 683 2189 766 E„

152 767 241 831 ad
298 767 593 831 humana
650 765 1053 845 referantur,
1108 763 1235 829 h'oc
1280 777 1405 848 est,
1449 768 1721 852 propius
1765 766 1848 832 ad
1893 757 2220 834 naturam'

50 925 55 932 ,
148 853 512 918 humanam
556 851 944 937 pertineant.
1034 850 1281 916 Censet
1326 872 1497 918 emm
1555 851 1876 918 humanae
1920 864 2190 920 naturae

144 940 499 1028 proprium
560 955 706 1002 esse
757 936 943 1017 hoe,‚
978 947 1054 1001 ut
1121 937 1572 1024 voluptatibus
1627 951 1698 1013 et
1741 939 2076 1006 doloribus
2124 954 2192 1006 et

144 1023 638 1114 cupiditatibus
672 1033 1044 1103 moveatur,
1094 1046 1175 1086 ex
1218 1025 1460 1109 quibus
1507 1048 1695 1090 omne
1737 1026 1973 1089 animal
2019 1049 2191 1091 mor-

146 1111 289 1176 tale
330 1109 527 1194 quasi
574 1117 799 1195 aptum
846 1107 933 1172 sit
968 1119 1165 1192 atque
1210 1131 1622 1195 suspensum.
1687 1111 1820 1175 ·Ad
1865 1135 2189 1178 commen-—

116 1196 443 1278 ·dandam
522 1196 725 1284 igitur
792 1195 967 1259 vitae
1040 1195 1444 1260 honestatem
1501 1193 1714 1282 'atque
1795 1198 2190 1281 probitatem
2223 1263 2238 1271 ,

150 1285 517 1382 plurimum
575 1281 1190 1345 valerexarbitratur
1222 1280 1599 1360 1identidem
1679 1283 1925 1346 moneri
1989 1293 2188 1370 atque

148 1369 501 1450 inculcari,
548 1391 690 1430 eam
720 1389 849 1430 non
880 1367 1074 1431 modo
1110 1389 1231 1450 per
1271 1389 1345 1431 se
1387 1390 1533 1449 esse
1573 1369 1845 1432 maxime
1890 1369 2186 1436 laudabi-

148 1457 306 1538 lem,
338 1454 459 1520 sed
496 1453 694 1517 etiam
732 1445 887 1540 plus'
916 1449 1184 1526 iucundi
1216 1474 1411 1536 quam
1441 1453 1780 1517 iniucundi
1809 1453 2187 1521 adiunctum

144 1541 421 1608 habere.
486 1537 714 1627 'Quod
768 1539 1035 1622 quidem
1076 1554 1306 1616 revera
1347 1539 1442 1602 ita
1487 1561 1668 1622 esse,
1729 1541 1942 1625 ipsam
1987 1544 2186 1606 ratio·-

146 1648 303 1694 nem
364 1625 695 1692 evincere.
794 1624 1057 1704 Etenim
1101 1624 1158 1689 si
1200 1622 1490 1689 dolorem
1534 1634 1601 1689 et
1639 1626 2045 1712 'voluptatem
2088 1629 2186 1695 in-

148 1727 257 1778 ter
298 1736 372 1779 se
416 1714 899 1796 comparemus,
948 1711 1236 1775 futurum
1281 1721 1570 1796 esse,·ut
1614 1711 1814 1776 vita-m
1857 1714 2185 1805 intelliga-

148 1795 297 1864 m'us
342 1818 425 1862 eo
469 1797 1010 1884 praestantiorem
1054 1795 1353 1876 iudicari,
1399 1820 1530 1880 quo
1575 1798 1787 1864 minus
1835 1798 2078 1866 doloris
2124 1813 2189 1865 et

152 1901 291 1971 qu'o
346 1885 506 1970 plus
570 1883 927 1967 voluptatis
986 1881 1247 1945 habeat.
1346 1882 1485 1946 Iam
1544 1906 1702 1948 vero
1775 1909 1855 1949 ex
1923 1882 2188 1952 vivendi

148 1971 570 2052 rationibus,
646 1987 810 2052 quas
880 1965 1145 2053 quidem
1200 1965 1403 2032 libera
1457 1968 1794 2036 voluntate
1854 1973 2186 2058 suscipere

154 2059 513 2142 possimus.
558 2055 677 2120 has
720 2064 1003 2136 quatuor
1044 2067 1415 2140 suppetere,
1461 2065 1540 2120 ut
1585 2065 1715 2120 tem
1767 2069 2055 2141 eranter,
2115 2077 2222 2130 ut,

164 2141 562 2228 prudenter,
624 2150 701 2204 ut
744 2141 997 2204 fortiter
1016 2187 1037 2220 ,
1098 2139 1380 2223 denique
1426 2139 1500 2204 ut
1543 2143 1687 2204 sani
1777 2165 2029 2228 eneque
2055 2145 2184 2207 ‘va-

162 2230 378 2294 lentes
416 2228 636 2292 vivere
682 2225 1049 2312 cupiamus.'
1132 2227 1478 2290 Praestare
1525 2235 1739 2290 autem
1781 2229 1983 2292 vitam
2025 2238 2187 2293 tem-

164 2322 529 2401 perantem,
573 2311 985 2399 prudentem,
1028 2312 1260 2377 fortem
1304 2320 1371 2376 et
1411 2330 1636 2377 sanam
1669 2313 1843 2377 omni
1876 2337 1957 2379 ex
1999 2324 2186 2399 parte

164 2402 353 2466 vitae
409 2400 886 2485 intemperanti,
931 2397 1367 2485 imprudenti,
1426 2398 1707 2485 ignavae
1750 2407 1815 2463 et
1856 2409 2182 2487 aegrotae.

138 2486 287 2551 ·Ex·
340 2507 473 2569 quo
514 2485 825 2567 consequi
882 2480 1267 2565 arbitratur,
1324 2491 1401 2548 ut
1453 2484 1592 2548 vita
1660 2485 1934 2551 honesta
1990 2495 2185 2570 atque

170 2574 341 2639 bona
386 2572 578 2637 etiam
636 2571 783 2657 plus
828 2569 1101 2635 iucundi
1147 2592 1340 2655 quam
1386 2571 1524 2634 vita
1586 2570 1884 2656 improba
1943 2572 2184 2639 habere

160 2656 599 2725 existimanda
640 2657 729 2723 sit
774 2656 803 2740 (
854 2708 869 2720 .
920 2658 1058 2721 732.
1103 2651 1184 2721 E.
1228 2692 1310 2707 --
1354 2655 1500 2721 734.
1547 2656 1635 2721 D.
1683 2659 1897 2741 extr.).
1931 2696 2013 2707 -—-
2125 2669 2135 2679 “

332 2744 427 2808 Et
468 2742 633 2808 haec
678 2682 942 2827 quigem
986 2750 1177 2823 sunt,
1224 2764 1393 2825 quae
1441 2740 1521 2806 de
1562 2743 1782 2829 legum
1825 2746 2075 2811 caussis
2121 2754 2188 2809 et
2259 2794 2265 2799 -

162 2831 533 2896 rationibus
586 2839 981 2913 perorantur
1038 2840 1236 2911 atque
1280 2828 1762 2913 prooemiorum
1803 2840 2187 2918 argumenta

160 2914 747 3003 comprehendunt.
836 2913 1095 2996 Quibus
1158 2935 1239 2977 ex
1292 2914 1479 2979 ositis
1522 2914 1676 2979 inde
1719 2938 1759 2978 a
1801 2938 1864 3000 p.
1913 2920 2058 2983 735.
2104 2914 2205 2980 E.-

161 3003 243 3068 de
270 3002 563 3091 ‘legibus
619 3002 781 3087 ipsis
822 3000 1179 3085 suscipitur
1282 3000 1616 3085 isputati‘O.
1705 3000 2000 3082 Quarum
2045 3001 2186 3084 qui-

162 3088 310 3154 dem
372 3085 867 3160 scribendarum
922 3085 1092 3151 ratio
1150 3084 1367 3152 iudice
1430 3084 1704 3149 Platone
1761 3085 2002 3173 duplex
2047 3107 2184 3149 mu—

164 3197 287 3240 nus
313 3184 403 3239 ‘et
446 3172 737 3239 officium
782 3172 1257 3257 complectitur.
1345 3171 1519 3236 Nam
1564 3171 1772 3236 sicubi
1816 3172 1883 3234 in
1927 3180 2220 3237 textura-

164 3272 233 3325 et
286 3261 567 3326 stamine
621 3270 694 3324 et
754 3257 1119 3324 subtemine
1178 3280 1343 3343 opus
1387 3268 1524 3340 est,
1571 3257 1664 3319 ita
1705 3256 1986 3323 civitatis
2030 3280 2186 3321 con-

161 3346 423 3412 stitutio
466 3346 790 3433 postulat,
856 3354 932 3408 ut
972 3340 1039 3410 et
1080 3345 1502 3427 magistratus
1549 3341 1941 3429 deligantur,
1987 3364 2187 3429 penes

164 3454 336 3517 quos
380 3433 467 3496 sit
508 3456 722 3497 rerum
766 3430 1050 3496 civilium
1087 3438 1405 3515 potestas,
1453 3438 1521 3492 et
1563 3428 1742 3514 leges
1794 3429 2184 3513 scribantur,

162 3516 529 3584 secundum
586 3538 753 3601 quas
810 3516 905 3581 illi
946 3515 1413 3600 rempublicam
1460 3515 1826 3601 gubernent
1871 3525 1940 3580 et
1983 3515 2185 3581 admi-

160 3604 468 3671 nistrent.
554 3604 809 3668 Verum
852 3601 1233 3689 priusquam
1292 3599 1377 3664 ad
1418 3600 1582 3665 haec
1623 3600 1769 3686 ipsa
1811 3600 2183 3683 accedatur,

152 3690 483 3759 nonnulla
534 3689 1035 3775 praemittuntur
1089 3686 1157 3751 in
1198 3684 1324 3750 hoc
1368 3685 1541 3750 libro
1581 3684 1663 3751 de
1709 3687 1948 3752 civium
1991 3689 2213 3753 mori-·

154 3778 324 3859 bna,
386 3775 471 3841 de
530 3773 885 3840 eorundem
938 3794 1246 3855 numero,
1318 3771 1399 3836 de
1458 3794 1759 3860 agrorum
1843 3773 2185 3853 divisione,

152 3864 382 3949 deque
440 3860 587 3926 aliis
630 3862 825 3925 rebus
868 3857 1298 3941 quibusdam,
1346 3856 1582 3942 quibus
1623 3868 1942 3944 tanquam,
1971 3856 2185 3944 'fundo

155 3948 380 4015 omnis
422 3946 645 4033 legum
689 3946 959 4030 scriptio
1007 3942 1197 4009 inniti
1242 3942 1498 4009 debe-at.
1587 3944 1692 4009 De
1751 3944 1990 4030 quibus
2050 3956 2208 4005 om-·

154 4036 365 4101 nibus
410 4032 578 4097 haec
622 4032 759 4096 fere
805 4032 1234 4096 disseruntur.

302 4118 597 4183 Primum
635 4116 925 4183 ostendit
956 4115 1399 4197 AtheniensiS,
1443 4116 1508 4179 in
1541 4136 1712 4180 nova
1741 4113 2005 4178 civitate
2033 4132 2187 4175 con-

41 4212 44 4221 ’
156 4205 383 4299 denda
428 4203 810 4290 diligentem
858 4203 1180 4268 delectum
1226 4201 1452 4266 baberi
1501 4211 1798 4287 oportere
1825 4198 2189 4261 futurorum
