2857 4738
667 245 922 367 xc1v'
1325 296 2055 365 PRoLsGOMENA

671 472 1020 621 verbor-1131
1077 480 1445 551 structura,
1503 492 1697 553 quam
1755 471 1830 535 in·
1884 466 2379 556 perspicuitatis
2437 466 2727 550 penuria

671 578 952 639 quaeren
1004 578 1082 621 us
1127 567 1245 621 est.

844 674 980 743 Sed
1039 670 1378 741 videamus
1424 674 1619 739 etiam
1666 673 1749 740 de
1794 672 2117 755 dictione,
2168 694 2337 757 quae
2382 673 2451 735 in
2498 671 2723 749 verbis

676 763 775 828 vel
835 760 1207 827 coniunctis
1265 760 1371 824 vel
1427 745 1709 846 sing⁸ulis
1770 760 2081 824 cernitur.
2186 758 2354 823 Eam
2402 778 2559 822 vero
2609 778 2722 822 su-

671 870 791 950 pra
845 847 1001 911 item
1061 844 1407 910 docuimus
1454 856 1703 911 castam
1764 845 1995 931 utique
2053 864 2221 925 esse,
2280 844 2609 930 integram
2656 852 2725 905 et

671 939 1147 1013 intemeratam,
1195 928 1520 1015 siquidem
1583 930 1875 1015 quidque
1919 953 2040 1021 per
2084 952 2153 995 se
2198 928 2412 995 solum
2458 938 2725 1014 specte-

671 1030 800 1082 tur.
925 1017 1014 1079 Et
1085 1036 1239 1080 vero
1308 1038 1645 1102 speramus
1720 1016 1893 1093 hanc
1964 1015 2351 1081 sententiam
2422 1022 2723 1078 nostram

672 1124 794 1168 nec
853 1101 933 1166 iis
980 1101 1424 1185 improbatum
1452 1102 1573 1184 iri,
1622 1101 1734 1184 qui
1780 1099 2077 1166 Graecae
2122 1099 2465 1183 dictionis,
2512 1098 2721 1163 maxi-

672 1209 906 1271 meque
953 1186 1380 1269 Platonicae,
1445 1186 1637 1271 quasi
1780 1196 1951 1252 stum
2012 1186 2291 1269 aliquem
2353 1194 2722 1251 traxerunt.

673 1272 1121 1339 Nihilominus
1179 1280 1397 1337 autem
1462 1272 1659 1336 etiam
1764 1294 1845 1337 oc
1900 1272 2159 1337 nomine
2207 1270 2532 1354 quandam
2578 1292 2727 1337 mo-

672 1358 927 1425 lestiam
985 1357 1308 1441 sentient,
1374 1359 1487 1441 qui
1548 1356 1633 1421 ad
1678 1358 2023 1422 universae
2070 1358 2385 1441 orationis
2430 1356 2725 1423 colorem

674 1453 743 1509 et
799 1443 992 1529 quasi
1049 1443 1348 1508 habitum
1405 1445 1693 1508 animum
1752 1466 1941 1528 suum
2017 1442 2455 1509 attenderint.r
2542 1441 2729 1509 Nam

676 1530 876 1595 habet
919 1551 1074 1593 sane
1123 1526 1327 1596 dictio
1356 1552 1487 1593 non
1524 1550 1671 1613 raro
1702 1528 1954 1612 aliquid
1989 1528 2287 1613 quaesiti·
2318 1537 2386 1592 et
2430 1526 2727 1613 operosi,

678 1637 812 1699 quo
850 1636 980 1679 non
1024 1636 1253 1698 parum
1300 1612 1662 1700 impeditur
1686 1624 1877 1700 grata
1904 1614 2017 1679 illa
2048 1614 2367 1679 orationis
2412 1612 2725 1693 facilitas,

677 1722 810 1785 qua
883 1721 1214 1764 sermones
1274 1699 1577 1767 Platonis
1636 1700 1931 1787 plerique
1996 1720 2222 1763 omnes
2282 1698 2387 1763 vel
2437 1697 2727 1766 maxime

677 1783 1238 1853 commendantur.
1288 1786 1296 1791 “
1345 1782 1619 1872 Quippe
1661 1785 1949 1850 insolens
1978 1785 2117 1849 iste
2162 1781 2725 1849 usus'verborum

676 1870 1084 1957 poeticorum
1134 1867 1465 1933 interdum
1512 1892 1668 1935 sane
1714 1870 1915 1934 mirus
1964 1868 2222 1934 accidat
2266 1889 2537 1935 necesse
2582 1876 2726 1944 est;

676 1954 1050 2043 frequentia
1092 1964 1309 2019 autem
1347 1954 1808 2040 loquutionum
1852 1954 2374 2037 insolentiorum,
2420 1956 2725 2038 quamvis

677 2064 796 2129 per
851 2062 925 2106 se
988 2040 1463 2127 probabilium,
1525 2050 1745 2104 tamen
1790 2040 1935 2105 fieri
1980 2064 2111 2105 non
2156 2048 2379 2127 potest
2426 2039 2585 2127 quin
2631 2039 2727 2103 le-

677 2126 971 2219 gentium
1055 2124 1307 2191 animos
1378 2124 1721 2211 paullatim
1793 2124 2065 2191 fastidio
2194 2126 2431 2191 nodam
2522 2141 2727 2208 atque

677 2210 902 2277 taedio
964 2210 1216 2275 afficiat
1273 2210 1455 2275 haud
1510 2210 1793 2275 absimili
1838 2211 1959 2295 illi,
2014 2150 2193 2296 quod

726 2298 790 2361 ia.
849 2296 1145 2363 ciborum
1203 2295 1657 2360 delicatiorum
1714 2304 1911 2381 atque
1972 2296 2400 2386 cupediorum
2463 2306 2728 2361 contra-

677 2320 876 2449 hitur.
991 2381 1266 2448 Scilicet
1327 2379 1680 2450 dicendum
1755 2381 1864 2446 hic
1922 2404 2078 2447 sane
2154 2381 2332 2466 quod
2406 2403 2511 2448 res
2589 2391 2724 2446 estx

724 2469 985 2534 uerelae
1017 2467 1202 2549 illae,
1268 2489 1436 2551 quae
1498 2489 1707 2551 nuper
1767 2491 1807 2530 a
1848 2468 2092 2533 criticis
2140 2468 2221 2533 de
2310 2467 2725 2552 erissologia,

680 2491 762 2618 de
824 2551 1129 2617 aflectata
1171 2552 1704 2638 magnificentia,
1776 2552 1856 2618 de
1919 2563 2198 2637 tumore,
2306 2576 2341 2618 e
2400 2548 2729 2617 similibus

681 2638 966 2722 denique
1001 2635 1177 2701 vitiis
1208 2637 1450 2721 operis,
1498 2638 1778 2704 iactatae
1824 2649 2000 2722 sunt,
2046 2640 2200 2704 licet
2228 2637 2453 2703 habita
2499 2639 2729 2726 singu-

679 2725 886 2790 larum
953 2722 1313 2788 dictionum
1359 2724 1613 2788 ratione
1658 2724 1878 2789 irritae
1926 2725 2173 2789 fuerint
2215 2733 2282 2789 et
2323 2723 2577 2805 inanes,
2629 2732 2728 2787 ta-

680 2832 828 2874 men
896 2818 1168 2876 eatenus
1239 2818 1415 2875 certe
1487 2832 1621 2876 non
1694 2812 1961 2876 omnino
2036 2810 2291 2876 caussis
2366 2808 2728 2874 destitutae

681 2904 860 2978 sunt,
920 2907 1244 2979 quatenus
1300 2896 1370 2961 in
1435 2896 1658 2960 multis
1712 2895 1973 2984 Legum
2013 2894 2176 2961 Iocis
2216 2895 2537 2960 rariorum
2584 2917 2730 2959 ver-

679 2981 910 3046 borum
968 3002 1046 3046 ac
1106 2981 1369 3046 dicendi
1414 2982 1769 3047 formarum
1830 2980 2118 3048 studium
2180 2983 2272 3046 ita
2329 2979 2730 3060 dominatur,

679 3077 754 3132 ut
813 3067 1004 3132 facile
1066 3065 1459 3168 suspiceris,
1516 3065 1903 3166 scriptorem
1951 3066 2031 3132 de
2077 3067 2399 3133 industria
2442 3065 2733 3132 insolen-

679 3153 867 3217 tioris
920 3151 1230 3218 dictionls
1277 3162 1344 3217 et
1389 3175 1705 3217 sermonis
1753 3153 2178 3217 calamistrati
2238 3164 2435 3239 atque
2482 3150 2733 3218 delica-

679 3237 800 3303 tuli
843 3237 1105 3304 lau‘dem
1152 3246 1553 3324 aucupatum
1600 3260 1761 3304 esse.
1898 3245 1905 3252 ’

852 3375 989 3439 Iam
1034 3395 1192 3440 vero
1231 3372 1316 3438 ad
1362 3381 1761 3438 structuram
1805 3371 2225 3458 periodorum
2268 3382 2467 3456 atque
2512 3373 2734 3436 conti-

680 3480 850 3526 nuae
899 3460 1218 3524 orationis
1244 3458 1831 3538 conformationem
1876 3457 2055 3541 quod
2102 3458 2422 3544 pertinet,
2468 3457 2735 3522 etiamsi
2783 3504 2793 3512 .

679 3543 1048 3609 liberiorem
1109 3543 1630 3615 enuntiationum
1690 3543 2235 3630 compositionem
2292 3542 2482 3608 facile
2558 3543 2734 3608 sera·

680 3647 828 3692 mus
882 3637 1114 3713 utpote
1173 3651 1388 3714 neque
1450 3649 1491 3692 a
1558 3628 1821 3714 linguae
1896 3625 2195 3694 Graecae
2270 3627 2539 3715 ingenio
2615 3628 2733 3693 ab·

570 3719 580 3726 “
681 3710 1054 3777 horrentem
1117 3724 1185 3778 et
1235 3733 1437 3797 saepe
1484 3712 1681 3778 etiam
1726 3723 1954 3799 gratae
1998 3712 2341 3780 cuiusdam
2386 3712 2734 3800 negligen-

679 3797 850 3878 tiae,
917 3797 1129 3882 qualis
1173 3819 1333 3880 sane
1377 3798 1447 3861 in
1494 3798 1658 3862 tales
1706 3819 2076 3884 sermones,
2136 3799 2365 3885 quales
2412 3808 2569 3864 sunt
2614 3797 2733 3882 qui

677 3882 746 3948 in
788 3882 892 3948 his
935 3883 1118 3949 libris
1160 3883 1507 3965 habentur,
1554 3883 1801 3970 optime
1845 3886 2195 3967 convenit,
2240 3884 2527 3970 speciem
2571 3905 2735 3970 prae

680 3991 751 4035 se
793 3968 1148 4048 ferentem3
1195 3978 1414 4032 tamen
1460 3968 1529 4032 in
1558 3968 1686 4034 hoc
1718 3992 1983 4053 quoque
2026 3992 2265 4057 genere
2308 3969 2736 4055 reperiuntur

679 4077 812 4121 non
869 4078 1144 4141 pauca,⁴
1189 4075 1360 4138 quae
1405 4053 1585 4119 haud
1630 4076 1788 4121 sane
1830 4055 2044 4122 levem
2090 4054 2519 4140 offensionem
2569 4051 2733 4118 affe·

679 4150 845 4205 rant.
975 4141 1104 4206 Est
1159 4139 1332 4204 enim
1395 4139 1607 4204 oratio
1682 4140 2265 4214 innumerabilibus
2354 4140 2513 4220 fere,
2564 4135 2733 4204 locis

2246 2234 2324 2275 ex
2367 2210 2568 2275 nimia
2616 2232 2727 2274 co·
2820 2218 2822 2223 '
