<?xml version="1.0" encoding="UTF-8"?>
<!DOCTYPE html PUBLIC "-//W3C//DTD XHTML 1.0 Transitional//EN"
    "http://www.w3.org/TR/xhtml1/DTD/xhtml1-transitional.dtd">
<html xmlns="http://www.w3.org/1999/xhtml" xml:lang="en" lang="en">
 <head>
  <title>
</title>
<meta http-equiv="Content-Type" content="text/html;charset=utf-8" />
  <meta name='ocr-system' content='tesseract 3.04.00' />
  <meta name='ocr-capabilities' content='ocr_page ocr_carea ocr_par ocr_line ocrx_word'/>
</head>
<body>
  <div class='ocr_page' id='page_1' title='image "./legesetepinomis00unkngoog_0066.png"; bbox 0 0 2857 4738; ppageno 0'>
   <div class='ocr_carea' id='block_1_1' title="bbox 780 304 2199 404">
    <p class='ocr_par' dir='ltr' id='par_1_1' title="bbox 780 304 2199 404">
     <span class='ocr_line' id='line_1_1' title="bbox 780 304 2199 404; baseline 0.004 -28"><span class='ocrx_word' id='word_1_1' title='bbox 780 313 917 390; x_wconf 76' lang='grc' dir='ltr'><strong>ΒΕ·</strong></span> <span class='ocrx_word' id='word_1_2' title='bbox 942 304 1373 382; x_wconf 78' lang='lat' dir='ltr'><strong>LEGIBUS</strong></span> <span class='ocrx_word' id='word_1_3' title='bbox 1420 325 1544 382; x_wconf 86' lang='lat' dir='ltr'><strong>etc.</strong></span> <span class='ocrx_word' id='word_1_4' title='bbox 2032 317 2199 404; x_wconf 73' lang='lat' dir='ltr'><strong>LXl</strong></span> 
     </span>
    </p>
   </div>
   <div class='ocr_carea' id='block_1_2' title="bbox 101 470 2270 4245">
    <p class='ocr_par' dir='ltr' id='par_1_2' title="bbox 101 470 2270 4245">
     <span class='ocr_line' id='line_1_2' title="bbox 182 470 2270 632; baseline -0 -82"><span class='ocrx_word' id='word_1_5' title='bbox 182 493 553 569; x_wconf 76' lang='lat' dir='ltr'><strong>quentarnnt</strong></span> <span class='ocrx_word' id='word_1_6' title='bbox 592 492 816 562; x_wconf 80' lang='lat' dir='ltr'><strong>autem</strong></span> <span class='ocrx_word' id='word_1_7' title='bbox 829 470 1251 632; x_wconf 45' lang='lat' dir='ltr'><strong>,posterioris</strong></span> <span class='ocrx_word' id='word_1_8' title='bbox 1294 485 1530 550; x_wconf 84' lang='lat' dir='ltr'><strong>aetatis</strong></span> <span class='ocrx_word' id='word_1_9' title='bbox 1573 493 1914 569; x_wconf 71' lang='lat' dir='ltr'><strong>auctores‘,</strong></span> <span class='ocrx_word' id='word_1_10' title='bbox 1961 495 2036 552; x_wconf 88' lang='lat' dir='ltr'><strong>ut</strong></span> <span class='ocrx_word' id='word_1_11' title='bbox 2075 486 2198 550; x_wconf 84' lang='lat' dir='ltr'><strong>Hi·</strong></span> <span class='ocrx_word' id='word_1_12' title='bbox 2263 487 2270 496; x_wconf 80' lang='grc'><strong><em>’</em></strong></span> 
     </span>
     <span class='ocr_line' id='line_1_3' title="bbox 182 568 2197 652; baseline -0.001 -16"><span class='ocrx_word' id='word_1_13' title='bbox 182 569 417 652; x_wconf 74' lang='lat' dir='ltr'><strong>meriuS,</strong></span> <span class='ocrx_word' id='word_1_14' title='bbox 464 570 619 634; x_wconf 88' lang='lat' dir='ltr'><strong>sine</strong></span> <span class='ocrx_word' id='word_1_15' title='bbox 668 568 841 650; x_wconf 32' lang='lat' dir='ltr'><strong>ull-au</strong></span> <span class='ocrx_word' id='word_1_16' title='bbox 895 569 1287 652; x_wconf 79' lang='lat' dir='ltr'><strong>ubitatione‚</strong></span> <span class='ocrx_word' id='word_1_17' title='bbox 1339 569 1530 634; x_wconf 87' lang='lat' dir='ltr'><strong>sicuti</strong></span> <span class='ocrx_word' id='word_1_18' title='bbox 1579 568 1874 636; x_wconf 77' lang='lat' dir='ltr'><strong>ostendit</strong></span> <span class='ocrx_word' id='word_1_19' title='bbox 1905 569 2197 635; x_wconf 76' lang='lat' dir='ltr'><strong>Ruhn-</strong></span> 
     </span>
     <span class='ocr_line' id='line_1_4' title="bbox 178 651 2200 741; baseline 0 -21"><span class='ocrx_word' id='word_1_20' title='bbox 178 655 327 723; x_wconf 84' lang='lat' dir='ltr'><strong>ken.</strong></span> <span class='ocrx_word' id='word_1_21' title='bbox 368 655 473 720; x_wconf 82' lang='lat' dir='ltr'><strong>ad.</strong></span> <span class='ocrx_word' id='word_1_22' title='bbox 521 651 775 741; x_wconf 84' lang='lat' dir='ltr'><strong>Hymn.</strong></span> <span class='ocrx_word' id='word_1_23' title='bbox 818 655 889 718; x_wconf 90' lang='lat' dir='ltr'><strong>in</strong></span> <span class='ocrx_word' id='word_1_24' title='bbox 934 653 1155 732; x_wconf 83' lang='lat' dir='ltr'><strong>Cerer.</strong></span> <span class='ocrx_word' id='word_1_25' title='bbox 1202 680 1261 719; x_wconf 87' lang='lat' dir='ltr'><strong>v.</strong></span> <span class='ocrx_word' id='word_1_26' title='bbox 1318 658 1413 720; x_wconf 84' lang='lat'><strong>19.</strong></span> <span class='ocrx_word' id='word_1_27' title='bbox 1463 655 1672 720; x_wconf 89' lang='lat' dir='ltr'><strong>Porro</strong></span> <span class='ocrx_word' id='word_1_28' title='bbox 1719 655 2200 722; x_wconf 77' lang='lat' dir='ltr'><strong>dubitationem</strong></span> 
     </span>
     <span class='ocr_line' id='line_1_5' title="bbox 178 738 2197 828; baseline 0 -22"><span class='ocrx_word' id='word_1_29' title='bbox 178 763 289 806; x_wconf 90' lang='lat' dir='ltr'><strong>non</strong></span> <span class='ocrx_word' id='word_1_30' title='bbox 327 741 533 804; x_wconf 85' lang='lat' dir='ltr'><strong>levem</strong></span> <span class='ocrx_word' id='word_1_31' title='bbox 582 740 836 805; x_wconf 88' lang='lat' dir='ltr'><strong>criticis</strong></span> <span class='ocrx_word' id='word_1_32' title='bbox 878 740 1105 805; x_wconf 78' lang='lat' dir='ltr'><strong>iniecit</strong></span> <span class='ocrx_word' id='word_1_33' title='bbox 1147 738 1488 806; x_wconf 78' lang='grc' dir='ltr'><strong>ἀΐσσειν</strong></span> <span class='ocrx_word' id='word_1_34' title='bbox 1533 739 1720 804; x_wconf 83' lang='lat' dir='ltr'><strong>Libr.</strong></span> <span class='ocrx_word' id='word_1_35' title='bbox 1767 739 1891 806; x_wconf 87' lang='lat' dir='ltr'><strong>IV.</strong></span> <span class='ocrx_word' id='word_1_36' title='bbox 1936 765 2002 828; x_wconf 88' lang='lat' dir='ltr'><strong>p.</strong></span> <span class='ocrx_word' id='word_1_37' title='bbox 2049 744 2197 806; x_wconf 80' lang='lat'><strong>709.</strong></span> 
     </span>
     <span class='ocr_line' id='line_1_6' title="bbox 175 821 2198 911; baseline 0.001 -21"><span class='ocrx_word' id='word_1_38' title='bbox 175 827 247 892; x_wconf 86' lang='lat' dir='ltr'><strong>A.</strong></span> <span class='ocrx_word' id='word_1_39' title='bbox 302 827 409 902; x_wconf 79' lang='lat' dir='ltr'><strong>ubi</strong></span> <span class='ocrx_word' id='word_1_40' title='bbox 464 849 591 911; x_wconf 90' lang='lat' dir='ltr'><strong>pro</strong></span> <span class='ocrx_word' id='word_1_41' title='bbox 653 825 893 906; x_wconf 77' lang='grc' dir='ltr'><strong>άῗξειεν</strong></span> <span class='ocrx_word' id='word_1_42' title='bbox 953 831 1158 890; x_wconf 76' lang='grc' dir='ltr'><em>εἰπεῖν</em></span> <span class='ocrx_word' id='word_1_43' title='bbox 1214 825 1590 891; x_wconf 88' lang='lat' dir='ltr'><strong>maluerunt</strong></span> <span class='ocrx_word' id='word_1_44' title='bbox 1659 821 1915 909; x_wconf 76' lang='grc' dir='ltr'><em>ἄρξειεν</em></span> <span class='ocrx_word' id='word_1_45' title='bbox 1973 831 2198 893; x_wconf 72' lang='grc' dir='ltr'><strong>εἰπεῖν.</strong></span> 
     </span>
     <span class='ocr_line' id='line_1_7' title="bbox 104 895 2198 990; baseline 0.001 -14"><span class='ocrx_word' id='word_1_46' title='bbox 104 947 109 952; x_wconf 91' lang='grc'><strong>-</strong></span> <span class='ocrx_word' id='word_1_47' title='bbox 176 895 305 976; x_wconf 70' lang='lat' dir='ltr'><strong>Sed&#39;</strong></span> <span class='ocrx_word' id='word_1_48' title='bbox 340 923 515 976; x_wconf 86' lang='lat' dir='ltr'><strong>recte</strong></span> <span class='ocrx_word' id='word_1_49' title='bbox 578 920 829 976; x_wconf 71' lang='lat' dir='ltr'><strong>nostra,</strong></span> <span class='ocrx_word' id='word_1_50' title='bbox 866 911 1196 990; x_wconf 82' lang='lat' dir='ltr'><strong>sententia</strong></span> <span class='ocrx_word' id='word_1_51' title='bbox 1290 911 1556 977; x_wconf 87' lang='lat' dir='ltr'><strong>codices</strong></span> <span class='ocrx_word' id='word_1_52' title='bbox 1615 909 1914 980; x_wconf 83' lang='lat' dir='ltr'>Platonis</span> <span class='ocrx_word' id='word_1_53' title='bbox 1971 934 2198 980; x_wconf 87' lang='lat' dir='ltr'><strong>omnes</strong></span> 
     </span>
     <span class='ocr_line' id='line_1_8' title="bbox 173 991 2199 1083; baseline -0 -21"><span class='ocrx_word' id='word_1_54' title='bbox 173 998 420 1077; x_wconf 67' lang='grc' dir='ltr'><strong>ἀΐξειον,</strong></span> <span class='ocrx_word' id='word_1_55' title='bbox 502 991 1047 1081; x_wconf 59' lang='grc' dir='ltr'><strong>ᾳυᾶηάοᾲαίἀειω</strong></span> <span class='ocrx_word' id='word_1_56' title='bbox 1117 997 1375 1070; x_wconf 77' lang='grc' dir='ltr'><strong>ἀΐσσειν</strong></span> <span class='ocrx_word' id='word_1_57' title='bbox 1449 1006 1551 1061; x_wconf 90' lang='lat' dir='ltr'><strong>est</strong></span> <span class='ocrx_word' id='word_1_58' title='bbox 1629 1019 1802 1062; x_wconf 89' lang='lat' dir='ltr'><strong>cum</strong></span> <span class='ocrx_word' id='word_1_59' title='bbox 1875 998 2199 1083; x_wconf 88' lang='lat' dir='ltr'><strong>impetu</strong></span> 
     </span>
     <span class='ocr_line' id='line_1_9' title="bbox 174 1080 2199 1170; baseline 0 -24"><span class='ocrx_word' id='word_1_60' title='bbox 174 1083 360 1146; x_wconf 87' lang='lat' dir='ltr'><strong>ferri</strong></span> <span class='ocrx_word' id='word_1_61' title='bbox 418 1081 519 1146; x_wconf 79' lang='lat' dir='ltr'><strong>ad</strong></span> <span class='ocrx_word' id='word_1_62' title='bbox 582 1080 949 1164; x_wconf 85' lang='lat' dir='ltr'><strong>aliquid,</strong></span> <span class='ocrx_word' id='word_1_63' title='bbox 1010 1091 1286 1158; x_wconf 61' lang='lat' dir='ltr'><strong>etcum</strong></span> <span class='ocrx_word' id='word_1_64' title='bbox 1346 1081 1674 1149; x_wconf 84' lang='lat' dir='ltr'><strong>infinitivo</strong></span> <span class='ocrx_word' id='word_1_65' title='bbox 1731 1084 2060 1170; x_wconf 87' lang='lat' dir='ltr'><strong>iungitur,</strong></span> <span class='ocrx_word' id='word_1_66' title='bbox 2123 1091 2199 1147; x_wconf 85' lang='lat' dir='ltr'><strong>ut</strong></span> 
     </span>
     <span class='ocr_line' id='line_1_10' title="bbox 174 1165 2198 1257; baseline 0 -25"><span class='ocrx_word' id='word_1_67' title='bbox 174 1166 329 1254; x_wconf 83' lang='lat' dir='ltr'><strong>apud</strong></span> <span class='ocrx_word' id='word_1_68' title='bbox 370 1167 643 1257; x_wconf 34' lang='lat' dir='ltr'><strong>Diogg</strong></span> <span class='ocrx_word' id='word_1_69' title='bbox 686 1167 851 1234; x_wconf 82' lang='lat' dir='ltr'><strong>Lae</strong></span> <span class='ocrx_word' id='word_1_70' title='bbox 876 1176 969 1232; x_wconf 79' lang='lat' dir='ltr'><strong>rt.</strong></span> <span class='ocrx_word' id='word_1_71' title='bbox 1012 1165 1153 1238; x_wconf 75' lang='lat' dir='ltr'><strong>‚VL</strong></span> <span class='ocrx_word' id='word_1_72' title='bbox 1215 1170 1320 1232; x_wconf 79' lang='lat'><strong>87.</strong></span> <span class='ocrx_word' id='word_1_73' title='bbox 1376 1167 1559 1248; x_wconf 69' lang='grc' dir='ltr'><strong><em>ἀίξαι</em></strong></span> <span class='ocrx_word' id='word_1_74' title='bbox 1623 1173 1725 1233; x_wconf 77' lang='grc' dir='ltr'><strong>ἐπὶ</strong></span> <span class='ocrx_word' id='word_1_75' title='bbox 1773 1173 2198 1256; x_wconf 81' lang='grc' dir='ltr'><em>φιλοσοφίαν</em></span> 
     </span>
     <span class='ocr_line' id='line_1_11' title="bbox 174 1251 2196 1338; baseline 0.001 -22"><span class='ocrx_word' id='word_1_76' title='bbox 174 1251 419 1334; x_wconf 81' lang='grc' dir='ltr'><strong>κυνικήν</strong></span> <span class='ocrx_word' id='word_1_77' title='bbox 464 1277 623 1317; x_wconf 88' lang='lat' dir='ltr'><strong>cum</strong></span> <span class='ocrx_word' id='word_1_78' title='bbox 666 1259 781 1318; x_wconf 72' lang='grc' dir='ltr'><strong>ἐπί</strong></span> <span class='ocrx_word' id='word_1_79' title='bbox 815 1263 883 1317; x_wconf 89' lang='lat' dir='ltr'><strong>et</strong></span> <span class='ocrx_word' id='word_1_80' title='bbox 926 1253 1305 1318; x_wconf 82' lang='lat' dir='ltr'><strong>accusativo</strong></span> <span class='ocrx_word' id='word_1_81' title='bbox 1352 1253 1730 1338; x_wconf 85' lang='lat' dir='ltr'><strong>copulatum</strong></span> <span class='ocrx_word' id='word_1_82' title='bbox 1777 1263 1896 1318; x_wconf 87' lang='lat' dir='ltr'><strong>est.</strong></span> <span class='ocrx_word' id='word_1_83' title='bbox 1989 1253 2196 1318; x_wconf 89' lang='lat' dir='ltr'>Verbi</span> 
     </span>
     <span class='ocr_line' id='line_1_12' title="bbox 174 1337 2198 1423; baseline 0 -20"><span class='ocrx_word' id='word_1_84' title='bbox 174 1360 336 1404; x_wconf 90' lang='lat' dir='ltr'><strong>usum</strong></span> <span class='ocrx_word' id='word_1_85' title='bbox 392 1338 786 1422; x_wconf 83' lang='lat' dir='ltr'>ceteroquin</span> <span class='ocrx_word' id='word_1_86' title='bbox 846 1337 1133 1410; x_wconf 74' lang='lat' dir='ltr'><strong>illustrat</strong></span> <span class='ocrx_word' id='word_1_87' title='bbox 1188 1337 1626 1403; x_wconf 83' lang='lat' dir='ltr'><strong>Ruhnken.</strong></span> <span class='ocrx_word' id='word_1_88' title='bbox 1686 1339 1904 1423; x_wconf 87' lang='lat' dir='ltr'><strong>Epist.</strong></span> <span class='ocrx_word' id='word_1_89' title='bbox 1967 1338 2198 1404; x_wconf 84' lang='lat' dir='ltr'><strong>Critic.</strong></span> 
     </span>
     <span class='ocr_line' id='line_1_13' title="bbox 172 1423 2201 1511; baseline -0.001 -22"><span class='ocrx_word' id='word_1_90' title='bbox 172 1447 227 1508; x_wconf 90' lang='lat' dir='ltr'><strong>p.</strong></span> <span class='ocrx_word' id='word_1_91' title='bbox 268 1425 361 1490; x_wconf 89' lang='lat'><strong>34.</strong></span> <span class='ocrx_word' id='word_1_92' title='bbox 406 1423 585 1488; x_wconf 89' lang='lat' dir='ltr'><strong>unde</strong></span> <span class='ocrx_word' id='word_1_93' title='bbox 630 1423 1022 1511; x_wconf 80' lang='lat' dir='ltr'><strong>intelligitur</strong></span> <span class='ocrx_word' id='word_1_94' title='bbox 1079 1447 1227 1486; x_wconf 90' lang='lat' dir='ltr'><strong>eum</strong></span> <span class='ocrx_word' id='word_1_95' title='bbox 1284 1432 1353 1486; x_wconf 92' lang='lat' dir='ltr'><strong>et</strong></span> <span class='ocrx_word' id='word_1_96' title='bbox 1393 1423 1613 1508; x_wconf 90' lang='lat' dir='ltr'><strong>ipsum</strong></span> <span class='ocrx_word' id='word_1_97' title='bbox 1657 1423 1911 1507; x_wconf 86' lang='lat' dir='ltr'><strong>aliquid</strong></span> <span class='ocrx_word' id='word_1_98' title='bbox 1955 1424 2201 1511; x_wconf 84' lang='lat' dir='ltr'><strong>poetici</strong></span> 
     </span>
     <span class='ocr_line' id='line_1_14' title="bbox 172 1508 2197 1594; baseline -0.001 -20"><span class='ocrx_word' id='word_1_99' title='bbox 172 1509 408 1574; x_wconf 84' lang='lat' dir='ltr'><strong>habere.</strong></span> <span class='ocrx_word' id='word_1_100' title='bbox 496 1508 863 1594; x_wconf 76' lang='lat' dir='ltr'><strong>Singulare</strong></span> <span class='ocrx_word' id='word_1_101' title='bbox 918 1518 1136 1574; x_wconf 80' lang='lat' dir='ltr'><strong>autem</strong></span> <span class='ocrx_word' id='word_1_102' title='bbox 1196 1518 1299 1584; x_wconf 86' lang='lat' dir='ltr'><strong>est</strong></span> <span class='ocrx_word' id='word_1_103' title='bbox 1344 1509 1616 1572; x_wconf 87' lang='lat' dir='ltr'><strong>verbum</strong></span> <span class='ocrx_word' id='word_1_104' title='bbox 1663 1511 2197 1590; x_wconf 68' lang='grc' dir='ltr'><em>εύθημονοῦ-</em></span> 
     </span>
     <span class='ocr_line' id='line_1_15' title="bbox 101 1593 2196 1680; baseline -0.001 -20"><span class='ocrx_word' id='word_1_105' title='bbox 101 1666 106 1672; x_wconf 61' lang='grc'><strong>,</strong></span> <span class='ocrx_word' id='word_1_106' title='bbox 171 1622 304 1676; x_wconf 86' lang='grc' dir='ltr'><strong>μαι</strong></span> <span class='ocrx_word' id='word_1_107' title='bbox 346 1596 525 1660; x_wconf 72' lang='lat' dir='ltr'><strong>Libr.</strong></span> <span class='ocrx_word' id='word_1_108' title='bbox 574 1594 704 1660; x_wconf 93' lang='lat' dir='ltr'><strong>VI.</strong></span> <span class='ocrx_word' id='word_1_109' title='bbox 750 1617 814 1680; x_wconf 88' lang='lat' dir='ltr'><strong>p.</strong></span> <span class='ocrx_word' id='word_1_110' title='bbox 863 1598 1005 1659; x_wconf 72' lang='lat'><strong>758.</strong></span> <span class='ocrx_word' id='word_1_111' title='bbox 1054 1595 1171 1678; x_wconf 84' lang='lat' dir='ltr'><strong>B.,</strong></span> <span class='ocrx_word' id='word_1_112' title='bbox 1216 1593 1401 1678; x_wconf 86' lang='lat' dir='ltr'><strong>quod</strong></span> <span class='ocrx_word' id='word_1_113' title='bbox 1456 1593 1623 1659; x_wconf 92' lang='lat' dir='ltr'><strong>Pho</strong></span> <span class='ocrx_word' id='word_1_114' title='bbox 1646 1593 1816 1660; x_wconf 87' lang='lat' dir='ltr'><strong>tius</strong></span> <span class='ocrx_word' id='word_1_115' title='bbox 1875 1595 2196 1680; x_wconf 88' lang='lat' dir='ltr'><strong>interpre-</strong></span> 
     </span>
     <span class='ocr_line' id='line_1_16' title="bbox 172 1675 2194 1762; baseline 0 -18"><span class='ocrx_word' id='word_1_116' title='bbox 172 1689 327 1746; x_wconf 84' lang='lat' dir='ltr'><strong>tatur</strong></span> <span class='ocrx_word' id='word_1_117' title='bbox 381 1675 449 1746; x_wconf 80' lang='grc' dir='ltr'><strong>εὖ</strong></span> <span class='ocrx_word' id='word_1_118' title='bbox 511 1685 857 1746; x_wconf 71' lang='grc' dir='ltr'><strong>τίθεσθαι</strong></span> <span class='ocrx_word' id='word_1_119' title='bbox 917 1675 957 1758; x_wconf 75' lang='grc' dir='ltr'><em>ἢ</em></span> <span class='ocrx_word' id='word_1_120' title='bbox 1014 1685 1456 1762; x_wconf 64' lang='grc' dir='ltr'><strong><em>σωγκεῖσθαι,</em></strong></span> <span class='ocrx_word' id='word_1_121' title='bbox 1505 1681 1690 1760; x_wconf 84' lang='lat' dir='ltr'><strong>cuius</strong></span> <span class='ocrx_word' id='word_1_122' title='bbox 1735 1680 2020 1748; x_wconf 83' lang='lat' dir='ltr'><strong>activam</strong></span> <span class='ocrx_word' id='word_1_123' title='bbox 2063 1681 2194 1744; x_wconf 89' lang='lat' dir='ltr'><strong>for-</strong></span> 
     </span>
     <span class='ocr_line' id='line_1_17' title="bbox 176 1763 2197 1852; baseline -0 -22"><span class='ocrx_word' id='word_1_124' title='bbox 176 1790 321 1831; x_wconf 83' lang='lat' dir='ltr'><strong>mam</strong></span> <span class='ocrx_word' id='word_1_125' title='bbox 376 1767 749 1852; x_wconf 82' lang='lat' dir='ltr'><strong>Tzetzes</strong></span> <span class='ocrx_word' id='word_1_126' title='bbox 810 1765 989 1830; x_wconf 88' lang='lat' dir='ltr'><strong>Hist.</strong></span> <span class='ocrx_word' id='word_1_127' title='bbox 1051 1763 1107 1829; x_wconf 92' lang='lat' dir='ltr'><strong>I.</strong></span> <span class='ocrx_word' id='word_1_128' title='bbox 1153 1767 1295 1830; x_wconf 82' lang='lat'><strong>367.</strong></span> <span class='ocrx_word' id='word_1_129' title='bbox 1347 1763 1570 1849; x_wconf 83' lang='lat' dir='ltr'><strong>habet,</strong></span> <span class='ocrx_word' id='word_1_130' title='bbox 1617 1767 1946 1832; x_wconf 82' lang='lat' dir='ltr'><strong>scribens:</strong></span> <span class='ocrx_word' id='word_1_131' title='bbox 2005 1763 2197 1848; x_wconf 77' lang='grc' dir='ltr'><em>γνά-</em></span> 
     </span>
     <span class='ocr_line' id='line_1_18' title="bbox 174 1847 2197 1934; baseline 0 -18"><span class='ocrx_word' id='word_1_132' title='bbox 174 1857 361 1928; x_wconf 68' lang='grc' dir='ltr'><strong><em>θοις</em></strong></span> <span class='ocrx_word' id='word_1_133' title='bbox 390 1847 925 1934; x_wconf 70' lang='grc' dir='ltr'><strong>ἐὐθημόνει.</strong></span> <span class='ocrx_word' id='word_1_134' title='bbox 1028 1850 1165 1916; x_wconf 88' lang='lat' dir='ltr'><strong>Sed</strong></span> <span class='ocrx_word' id='word_1_135' title='bbox 1239 1851 1435 1914; x_wconf 82' lang='lat' dir='ltr'><strong>habet</strong></span> <span class='ocrx_word' id='word_1_136' title='bbox 1498 1851 1906 1926; x_wconf 21' lang='lat' dir='ltr'><strong>illuddtanto</strong></span> <span class='ocrx_word' id='word_1_137' title='bbox 1980 1851 2197 1916; x_wconf 86' lang='lat' dir='ltr'><strong>minus</strong></span> 
     </span>
     <span class='ocr_line' id='line_1_19' title="bbox 175 1935 2194 2022; baseline -0.001 -20"><span class='ocrx_word' id='word_1_138' title='bbox 175 1935 565 2020; x_wconf 78' lang='lat' dir='ltr'><strong>offensionis,</strong></span> <span class='ocrx_word' id='word_1_139' title='bbox 636 1959 769 2020; x_wconf 83' lang='lat' dir='ltr'><strong>quo</strong></span> <span class='ocrx_word' id='word_1_140' title='bbox 829 1936 1075 2002; x_wconf 85' lang='lat' dir='ltr'><strong>certius</strong></span> <span class='ocrx_word' id='word_1_141' title='bbox 1140 1945 1398 2001; x_wconf 88' lang='lat' dir='ltr'><strong>constat</strong></span> <span class='ocrx_word' id='word_1_142' title='bbox 1457 1936 1540 2000; x_wconf 90' lang='lat' dir='ltr'><strong>de</strong></span> <span class='ocrx_word' id='word_1_143' title='bbox 1597 1937 1928 2022; x_wconf 81' lang='lat' dir='ltr'><strong>probitate</strong></span> <span class='ocrx_word' id='word_1_144' title='bbox 1987 1938 2194 2000; x_wconf 91' lang='lat' dir='ltr'><strong>nomi-</strong></span> 
     </span>
     <span class='ocr_line' id='line_1_20' title="bbox 177 2019 2198 2107; baseline -0.001 -21"><span class='ocrx_word' id='word_1_145' title='bbox 177 2045 312 2088; x_wconf 87' lang='lat' dir='ltr'><strong>num</strong></span> <span class='ocrx_word' id='word_1_146' title='bbox 366 2019 851 2104; x_wconf 72' lang='grc' dir='ltr'><em>εὐθημοσύνη,</em></span> <span class='ocrx_word' id='word_1_147' title='bbox 908 2044 1040 2107; x_wconf 90' lang='lat' dir='ltr'><strong>quo</strong></span> <span class='ocrx_word' id='word_1_148' title='bbox 1099 2022 1204 2086; x_wconf 93' lang='lat' dir='ltr'><strong>usi</strong></span> <span class='ocrx_word' id='word_1_149' title='bbox 1248 2032 1405 2086; x_wconf 89' lang='lat' dir='ltr'><strong>sunt</strong></span> <span class='ocrx_word' id='word_1_150' title='bbox 1447 2021 1884 2088; x_wconf 82' lang='lat' dir='ltr'><strong>Hesiodus</strong></span> <span class='ocrx_word' id='word_1_151' title='bbox 1930 2019 2084 2088; x_wconf 90' lang='lat' dir='ltr'><strong>OO.</strong></span> <span class='ocrx_word' id='word_1_152' title='bbox 2131 2031 2198 2086; x_wconf 89' lang='lat' dir='ltr'><strong>et</strong></span> 
     </span>
     <span class='ocr_line' id='line_1_21' title="bbox 177 2095 2196 2193; baseline 0 -23"><span class='ocrx_word' id='word_1_153' title='bbox 177 2106 315 2171; x_wconf 88' lang='lat' dir='ltr'><strong>DD.</strong></span> <span class='ocrx_word' id='word_1_154' title='bbox 355 2111 497 2174; x_wconf 81' lang='lat'><strong>471.</strong></span> <span class='ocrx_word' id='word_1_155' title='bbox 537 2095 925 2192; x_wconf 69' lang='lat' dir='ltr'><strong>Xenopli.</strong></span> <span class='ocrx_word' id='word_1_156' title='bbox 974 2102 1466 2193; x_wconf 65' lang='lat' dir='ltr'><strong>Cyrop.,VIII.</strong></span> <span class='ocrx_word' id='word_1_157' title='bbox 1517 2109 1580 2188; x_wconf 88' lang='lat'><strong>5,</strong></span> <span class='ocrx_word' id='word_1_158' title='bbox 1630 2110 1690 2184; x_wconf 76' lang='lat'><strong>7,</strong></span> <span class='ocrx_word' id='word_1_159' title='bbox 1741 2117 1807 2178; x_wconf 86' lang='lat' dir='ltr'><strong>et</strong></span> <span class='ocrx_word' id='word_1_160' title='bbox 1845 2106 2196 2190; x_wconf 74' lang='grc' dir='ltr'><em>εὐθήμων,</em></span> 
     </span>
     <span class='ocr_line' id='line_1_22' title="bbox 184 2190 2196 2278; baseline -0.001 -22"><span class='ocrx_word' id='word_1_161' title='bbox 184 2193 340 2274; x_wconf 89' lang='lat' dir='ltr'><strong>quod</strong></span> <span class='ocrx_word' id='word_1_162' title='bbox 387 2207 655 2278; x_wconf 85' lang='lat' dir='ltr'><strong>praeter</strong></span> <span class='ocrx_word' id='word_1_163' title='bbox 696 2192 864 2258; x_wconf 90' lang='lat' dir='ltr'><strong>alios</strong></span> <span class='ocrx_word' id='word_1_164' title='bbox 908 2191 1109 2258; x_wconf 85' lang='lat' dir='ltr'><strong>habet</strong></span> <span class='ocrx_word' id='word_1_165' title='bbox 1168 2193 1664 2278; x_wconf 77' lang='lat' dir='ltr'><strong>Aeschylus</strong></span> <span class='ocrx_word' id='word_1_166' title='bbox 1710 2190 2086 2277; x_wconf 89' lang='lat' dir='ltr'><strong>Choephor.</strong></span> <span class='ocrx_word' id='word_1_167' title='bbox 2135 2193 2196 2274; x_wconf 73' lang='lat'><strong>8.</strong></span> 
     </span>
     <span class='ocr_line' id='line_1_23' title="bbox 184 2277 2199 2364; baseline -0.001 -24"><span class='ocrx_word' id='word_1_168' title='bbox 184 2279 371 2342; x_wconf 78' lang='lat' dir='ltr'><strong>active</strong></span> <span class='ocrx_word' id='word_1_169' title='bbox 408 2279 571 2344; x_wconf 86' lang='lat' dir='ltr'><strong>illud</strong></span> <span class='ocrx_word' id='word_1_170' title='bbox 624 2286 1013 2364; x_wconf 87' lang='lat' dir='ltr'><strong>usurpatum</strong></span> <span class='ocrx_word' id='word_1_171' title='bbox 1055 2277 1125 2342; x_wconf 91' lang='lat' dir='ltr'><strong>in</strong></span> <span class='ocrx_word' id='word_1_172' title='bbox 1170 2277 1421 2342; x_wconf 87' lang='lat' dir='ltr'><strong>verbis:</strong></span> <span class='ocrx_word' id='word_1_173' title='bbox 1471 2281 1742 2359; x_wconf 77' lang='grc' dir='ltr'><em>δμωαὶ</em></span> <span class='ocrx_word' id='word_1_174' title='bbox 1789 2289 2199 2358; x_wconf 79' lang='grc' dir='ltr'><em>γυναῖκες</em></span> 
     </span>
     <span class='ocr_line' id='line_1_24' title="bbox 188 2359 2195 2447; baseline -0.001 -20"><span class='ocrx_word' id='word_1_175' title='bbox 188 2362 551 2445; x_wconf 80' lang='grc' dir='ltr'><em>δωμάτων</em></span> <span class='ocrx_word' id='word_1_176' title='bbox 618 2364 1157 2447; x_wconf 61' lang='grc' dir='ltr'><strong>έύθήμονες.,</strong></span> <span class='ocrx_word' id='word_1_177' title='bbox 1234 2361 1570 2444; x_wconf 78' lang='lat' dir='ltr'><strong>Quocirca</strong></span> <span class='ocrx_word' id='word_1_178' title='bbox 1609 2359 1723 2425; x_wconf 90' lang='lat' dir='ltr'><strong>illo</strong></span> <span class='ocrx_word' id='word_1_179' title='bbox 1768 2382 1892 2426; x_wconf 89' lang='lat' dir='ltr'><strong>nec</strong></span> <span class='ocrx_word' id='word_1_180' title='bbox 1934 2359 2195 2424; x_wconf 85' lang='lat' dir='ltr'><strong>citerio-</strong></span> 
     </span>
     <span class='ocr_line' id='line_1_25' title="bbox 187 2444 2197 2535; baseline 0 -25"><span class='ocrx_word' id='word_1_181' title='bbox 187 2447 267 2511; x_wconf 86' lang='lat' dir='ltr'><strong>ris</strong></span> <span class='ocrx_word' id='word_1_182' title='bbox 319 2446 705 2535; x_wconf 80' lang='lat' dir='ltr'><strong>Graecitatis</strong></span> <span class='ocrx_word' id='word_1_183' title='bbox 763 2448 1120 2535; x_wconf 84' lang='lat' dir='ltr'><strong>scriptores</strong></span> <span class='ocrx_word' id='word_1_184' title='bbox 1180 2449 1278 2513; x_wconf 86' lang='lat' dir='ltr'><strong>uti</strong></span> <span class='ocrx_word' id='word_1_185' title='bbox 1326 2447 1830 2528; x_wconf 81' lang='lat' dir='ltr'><strong>dubitaverunt,</strong></span> <span class='ocrx_word' id='word_1_186' title='bbox 1897 2444 2197 2511; x_wconf 83' lang='lat' dir='ltr'><strong>Platonis</strong></span> 
     </span>
     <span class='ocr_line' id='line_1_26' title="bbox 186 2530 2194 2621; baseline 0 -26"><span class='ocrx_word' id='word_1_187' title='bbox 186 2530 268 2597; x_wconf 90' lang='lat' dir='ltr'><strong>illi</strong></span> <span class='ocrx_word' id='word_1_188' title='bbox 304 2534 397 2600; x_wconf 88' lang='lat' dir='ltr'><strong>hic</strong></span> <span class='ocrx_word' id='word_1_189' title='bbox 438 2558 709 2621; x_wconf 91' lang='lat' dir='ltr'><strong>quoque</strong></span> <span class='ocrx_word' id='word_1_190' title='bbox 768 2536 1036 2619; x_wconf 89' lang='lat' dir='ltr'><strong>sequuti</strong></span> <span class='ocrx_word' id='word_1_191' title='bbox 1080 2533 1557 2599; x_wconf 84' lang='lat' dir='ltr'><strong>auctoritatem.</strong></span> <span class='ocrx_word' id='word_1_192' title='bbox 1647 2530 1966 2597; x_wconf 86' lang='lat' dir='ltr'><strong>Notatum</strong></span> <span class='ocrx_word' id='word_1_193' title='bbox 2010 2554 2194 2617; x_wconf 86' lang='lat' dir='ltr'><strong>prae-</strong></span> 
     </span>
     <span class='ocr_line' id='line_1_27' title="bbox 183 2616 2258 2705; baseline -0.001 -24"><span class='ocrx_word' id='word_1_194' title='bbox 183 2626 339 2684; x_wconf 86' lang='lat' dir='ltr'><strong>terea</strong></span> <span class='ocrx_word' id='word_1_195' title='bbox 369 2633 577 2688; x_wconf 87' lang='lat' dir='ltr'><strong>estut</strong></span> <span class='ocrx_word' id='word_1_196' title='bbox 619 2621 829 2689; x_wconf 85' lang='lat' dir='ltr'><strong>rarius</strong></span> <span class='ocrx_word' id='word_1_197' title='bbox 878 2622 1678 2703; x_wconf 67' lang='grc' dir='ltr'><strong><em>παραὴοὸίζεσθαι,</em></strong></span> <span class='ocrx_word' id='word_1_198' title='bbox 1723 2616 2194 2705; x_wconf 81' lang='lat' dir='ltr'><strong>implicari,</strong></span> <span class='ocrx_word' id='word_1_199' title='bbox 2248 2659 2258 2665; x_wconf 68' lang='grc'><strong><em>«</em></strong></span> 
     </span>
     <span class='ocr_line' id='line_1_28' title="bbox 182 2702 2195 2793; baseline 0 -27"><span class='ocrx_word' id='word_1_200' title='bbox 182 2702 527 2793; x_wconf 77' lang='lat' dir='ltr'><strong>irretiri,</strong></span> <span class='ocrx_word' id='word_1_201' title='bbox 594 2708 639 2772; x_wconf 92' lang='lat' dir='ltr'><strong>i.</strong></span> <span class='ocrx_word' id='word_1_202' title='bbox 698 2730 753 2771; x_wconf 92' lang='lat' dir='ltr'><strong>e.</strong></span> <span class='ocrx_word' id='word_1_203' title='bbox 814 2705 1137 2771; x_wconf 83' lang='lat' dir='ltr'><strong>iudicio</strong></span> <span class='ocrx_word' id='word_1_204' title='bbox 1195 2727 1341 2787; x_wconf 88' lang='lat' dir='ltr'><strong>suo</strong></span> <span class='ocrx_word' id='word_1_205' title='bbox 1385 2713 1970 2769; x_wconf 84' lang='lat' dir='ltr'><strong>transversum</strong></span> <span class='ocrx_word' id='word_1_206' title='bbox 2015 2702 2195 2789; x_wconf 82' lang='lat' dir='ltr'><strong>agi,</strong></span> 
     </span>
     <span class='ocr_line' id='line_1_29' title="bbox 182 2786 2198 2877; baseline 0.001 -25"><span class='ocrx_word' id='word_1_207' title='bbox 182 2810 253 2853; x_wconf 84' lang='lat' dir='ltr'><strong>ex</strong></span> <span class='ocrx_word' id='word_1_208' title='bbox 300 2792 633 2859; x_wconf 74' lang='lat' dir='ltr'><strong>Libr.&#39;11.</strong></span> <span class='ocrx_word' id='word_1_209' title='bbox 694 2816 759 2877; x_wconf 90' lang='lat' dir='ltr'><strong>p.</strong></span> <span class='ocrx_word' id='word_1_210' title='bbox 822 2794 969 2859; x_wconf 81' lang='lat'><strong>652.</strong></span> <span class='ocrx_word' id='word_1_211' title='bbox 1040 2790 1119 2855; x_wconf 87' lang='lat' dir='ltr'><strong>B.</strong></span> <span class='ocrx_word' id='word_1_212' title='bbox 1224 2788 1357 2871; x_wconf 86' lang='lat' dir='ltr'><strong>uod</strong></span> <span class='ocrx_word' id='word_1_213' title='bbox 1415 2798 1600 2865; x_wconf 80' lang='lat' dir='ltr'><strong>extat</strong></span> <span class='ocrx_word' id='word_1_214' title='bbox 1657 2788 1858 2853; x_wconf 87' lang='lat' dir='ltr'><strong>etiam</strong></span> <span class='ocrx_word' id='word_1_215' title='bbox 1911 2786 2198 2873; x_wconf 88' lang='lat' dir='ltr'><strong>Epistol.</strong></span> 
     </span>
     <span class='ocr_line' id='line_1_30' title="bbox 174 2870 2199 2943; baseline -0.001 -5"><span class='ocrx_word' id='word_1_216' title='bbox 174 2872 473 2943; x_wconf 82' lang='lat' dir='ltr'><strong>Platon.</strong></span> <span class='ocrx_word' id='word_1_217' title='bbox 543 2877 708 2943; x_wconf 89' lang='lat' dir='ltr'><strong>VII.</strong></span> <span class='ocrx_word' id='word_1_218' title='bbox 774 2880 921 2943; x_wconf 89' lang='lat'><strong>330.</strong></span> <span class='ocrx_word' id='word_1_219' title='bbox 988 2870 1069 2939; x_wconf 88' lang='lat' dir='ltr'><strong>B.</strong></span> <span class='ocrx_word' id='word_1_220' title='bbox 1242 2874 1375 2941; x_wconf 89' lang='lat' dir='ltr'><strong>uod</strong></span> <span class='ocrx_word' id='word_1_221' title='bbox 1436 2884 1614 2939; x_wconf 89' lang='lat' dir='ltr'><strong>certe</strong></span> <span class='ocrx_word' id='word_1_222' title='bbox 1672 2874 2040 2939; x_wconf 84' lang='lat' dir='ltr'><strong>rectissime</strong></span> <span class='ocrx_word' id='word_1_223' title='bbox 2099 2872 2199 2936; x_wconf 82' lang='lat' dir='ltr'><strong>di·-</strong></span> 
     </span>
     <span class='ocr_line' id='line_1_31' title="bbox 180 2956 2198 3046; baseline -0.001 -23"><span class='ocrx_word' id='word_1_224' title='bbox 180 2969 333 3027; x_wconf 84' lang='lat' dir='ltr'><strong>ctum</strong></span> <span class='ocrx_word' id='word_1_225' title='bbox 392 2974 492 3029; x_wconf 91' lang='lat' dir='ltr'><strong>est</strong></span> <span class='ocrx_word' id='word_1_226' title='bbox 551 2973 621 3027; x_wconf 90' lang='lat' dir='ltr'><strong>et</strong></span> <span class='ocrx_word' id='word_1_227' title='bbox 678 2964 923 3046; x_wconf 90' lang='lat' dir='ltr'><strong>optime</strong></span> <span class='ocrx_word' id='word_1_228' title='bbox 984 2962 1379 3045; x_wconf 85' lang='lat' dir='ltr'><strong>explicatum</strong></span> <span class='ocrx_word' id='word_1_229' title='bbox 1439 2983 1478 3023; x_wconf 86' lang='lat' dir='ltr'><strong>a</strong></span> <span class='ocrx_word' id='word_1_230' title='bbox 1525 2958 1893 3045; x_wconf 73' lang='lat' dir='ltr'><strong>¹Polluce</strong></span> <span class='ocrx_word' id='word_1_231' title='bbox 1955 2956 2198 3031; x_wconf 79' lang='lat' dir='ltr'><strong>Onom.</strong></span> 
     </span>
     <span class='ocr_line' id='line_1_32' title="bbox 180 3040 2200 3127; baseline -0.002 -18"><span class='ocrx_word' id='word_1_232' title='bbox 180 3044 258 3113; x_wconf 88' lang='grc' dir='ltr'><strong>ΙΙ.</strong></span> <span class='ocrx_word' id='word_1_233' title='bbox 316 3050 449 3115; x_wconf 86' lang='grc'><strong>194.</strong></span> <span class='ocrx_word' id='word_1_234' title='bbox 508 3048 643 3114; x_wconf 89' lang='grc' dir='ltr'><strong>ΙΧ.</strong></span> <span class='ocrx_word' id='word_1_235' title='bbox 708 3051 851 3115; x_wconf 83' lang='grc'><strong>134.</strong></span> <span class='ocrx_word' id='word_1_236' title='bbox 911 3056 985 3111; x_wconf 93' lang='lat' dir='ltr'><strong>ut</strong></span> <span class='ocrx_word' id='word_1_237' title='bbox 1042 3070 1165 3111; x_wconf 91' lang='lat' dir='ltr'><strong>nec</strong></span> <span class='ocrx_word' id='word_1_238' title='bbox 1211 3044 1582 3111; x_wconf 86' lang='lat' dir='ltr'><strong>mirandum</strong></span> <span class='ocrx_word' id='word_1_239' title='bbox 1628 3046 1753 3125; x_wconf 85' lang='lat' dir='ltr'><strong>sit,</strong></span> <span class='ocrx_word' id='word_1_240' title='bbox 1803 3040 1980 3127; x_wconf 90' lang='lat' dir='ltr'><strong>quod</strong></span> <span class='ocrx_word' id='word_1_241' title='bbox 2023 3040 2200 3105; x_wconf 90' lang='lat' dir='ltr'><strong>idem</strong></span> 
     </span>
     <span class='ocr_line' id='line_1_33' title="bbox 178 3124 2198 3223; baseline -0.003 -28"><span class='ocrx_word' id='word_1_242' title='bbox 178 3128 321 3197; x_wconf 87' lang='lat' dir='ltr'><strong>illud</strong></span> <span class='ocrx_word' id='word_1_243' title='bbox 371 3134 879 3219; x_wconf 84' lang='lat' dir='ltr'><strong>frequentarunt</strong></span> <span class='ocrx_word' id='word_1_244' title='bbox 950 3132 1148 3197; x_wconf 82' lang='lat' dir='ltr'><strong>etiam</strong></span> <span class='ocrx_word' id='word_1_245' title='bbox 1214 3130 1572 3217; x_wconf 80' lang='lat' dir='ltr'><strong>Polybius,</strong></span> <span class='ocrx_word' id='word_1_246' title='bbox 1657 3128 1903 3193; x_wconf 83' lang='lat' dir='ltr'><strong>Sextus</strong></span> <span class='ocrx_word' id='word_1_247' title='bbox 1957 3124 2198 3223; x_wconf 37' lang='lat' dir='ltr'><strong>‘Empi-</strong></span> 
     </span>
     <span class='ocr_line' id='line_1_34' title="bbox 178 3216 2200 3302; baseline -0.002 -23"><span class='ocrx_word' id='word_1_248' title='bbox 178 3216 369 3302; x_wconf 77' lang='lat' dir='ltr'><strong>ricus,</strong></span> <span class='ocrx_word' id='word_1_249' title='bbox 428 3217 771 3302; x_wconf 76' lang='lat' dir='ltr'><strong>GalenuS‚</strong></span> <span class='ocrx_word' id='word_1_250' title='bbox 829 3216 1267 3301; x_wconf 78' lang='lat' dir='ltr'><strong>IamblichuS,</strong></span> <span class='ocrx_word' id='word_1_251' title='bbox 1308 3217 1444 3297; x_wconf 82' lang='lat' dir='ltr'><strong>alii,</strong></span> <span class='ocrx_word' id='word_1_252' title='bbox 1494 3236 1774 3298; x_wconf 89' lang='lat' dir='ltr'><strong>quorum</strong></span> <span class='ocrx_word' id='word_1_253' title='bbox 1820 3220 2200 3277; x_wconf 75' lang='lat' dir='ltr'><strong>testimonia</strong></span> 
     </span>
     <span class='ocr_line' id='line_1_35' title="bbox 180 3295 2199 3391; baseline -0.004 -22"><span class='ocrx_word' id='word_1_254' title='bbox 180 3298 271 3369; x_wconf 84' lang='lat' dir='ltr'><strong>hic</strong></span> <span class='ocrx_word' id='word_1_255' title='bbox 322 3303 551 3371; x_wconf 78' lang='lat' dir='ltr'><strong>afferre</strong></span> <span class='ocrx_word' id='word_1_256' title='bbox 614 3304 818 3391; x_wconf 86' lang='lat' dir='ltr'><strong>piget.</strong></span> <span class='ocrx_word' id='word_1_257' title='bbox 907 3304 1147 3387; x_wconf 90' lang='lat' dir='ltr'><strong>Neque</strong></span> <span class='ocrx_word' id='word_1_258' title='bbox 1192 3300 1373 3379; x_wconf 38' lang='lat' dir='ltr'><strong>enim·</strong></span> <span class='ocrx_word' id='word_1_259' title='bbox 1410 3300 1597 3365; x_wconf 86' lang='lat' dir='ltr'><strong>verbi</strong></span> <span class='ocrx_word' id='word_1_260' title='bbox 1645 3320 1802 3363; x_wconf 90' lang='lat' dir='ltr'><strong>usus</strong></span> <span class='ocrx_word' id='word_1_261' title='bbox 1848 3295 2056 3364; x_wconf 84' lang='lat' dir='ltr'><strong>ullum</strong></span> <span class='ocrx_word' id='word_1_262' title='bbox 2098 3296 2199 3361; x_wconf 90' lang='lat' dir='ltr'><strong>in-</strong></span> 
     </span>
     <span class='ocr_line' id='line_1_36' title="bbox 178 3385 2198 3478; baseline -0.002 -28"><span class='ocrx_word' id='word_1_263' title='bbox 178 3385 299 3461; x_wconf 86' lang='lat' dir='ltr'><strong>iicit</strong></span> <span class='ocrx_word' id='word_1_264' title='bbox 352 3391 755 3478; x_wconf 90' lang='lat' dir='ltr'><strong>scrupulum.</strong></span> <span class='ocrx_word' id='word_1_265' title='bbox 857 3388 1007 3455; x_wconf 90' lang='lat' dir='ltr'><strong>Nec</strong></span> <span class='ocrx_word' id='word_1_266' title='bbox 1064 3411 1219 3454; x_wconf 86' lang='lat' dir='ltr'><strong>vero</strong></span> <span class='ocrx_word' id='word_1_267' title='bbox 1280 3385 1762 3453; x_wconf 86' lang='lat' dir='ltr'><strong>dubitationem</strong></span> <span class='ocrx_word' id='word_1_268' title='bbox 1807 3389 2028 3448; x_wconf 85' lang='lat' dir='ltr'><strong>movet</strong></span> <span class='ocrx_word' id='word_1_269' title='bbox 2073 3389 2198 3447; x_wconf 80' lang='grc' dir='ltr'><strong>σέ-</strong></span> 
     </span>
     <span class='ocr_line' id='line_1_37' title="bbox 176 3464 2198 3561; baseline -0.003 -24"><span class='ocrx_word' id='word_1_270' title='bbox 176 3473 335 3551; x_wconf 77' lang='grc' dir='ltr'><strong>βειν</strong></span> <span class='ocrx_word' id='word_1_271' title='bbox 387 3476 489 3544; x_wconf 89' lang='lat' dir='ltr'><strong>bis</strong></span> <span class='ocrx_word' id='word_1_272' title='bbox 550 3477 767 3543; x_wconf 78' lang='lat' dir='ltr'><strong>active</strong></span> <span class='ocrx_word' id='word_1_273' title='bbox 824 3474 1115 3561; x_wconf 87' lang='lat' dir='ltr'><strong>positum</strong></span> <span class='ocrx_word' id='word_1_274' title='bbox 1172 3473 1357 3557; x_wconf 84' lang='lat' dir='ltr'><strong>Libr.</strong></span> <span class='ocrx_word' id='word_1_275' title='bbox 1416 3470 1475 3534; x_wconf 93' lang='grc' dir='ltr'><strong>Ι.</strong></span> <span class='ocrx_word' id='word_1_276' title='bbox 1518 3491 1585 3554; x_wconf 90' lang='lat' dir='ltr'><strong>p.</strong></span> <span class='ocrx_word' id='word_1_277' title='bbox 1633 3470 1782 3535; x_wconf 84' lang='lat'><strong>644.</strong></span> <span class='ocrx_word' id='word_1_278' title='bbox 1825 3470 1914 3534; x_wconf 91' lang='lat' dir='ltr'><strong>A.</strong></span> <span class='ocrx_word' id='word_1_279' title='bbox 1963 3476 2031 3533; x_wconf 91' lang='lat' dir='ltr'><strong>et</strong></span> <span class='ocrx_word' id='word_1_280' title='bbox 2072 3464 2198 3531; x_wconf 91' lang='lat' dir='ltr'><strong>VI.</strong></span> 
     </span>
     <span class='ocr_line' id='line_1_38' title="bbox 178 3554 2198 3645; baseline -0.004 -17"><span class='ocrx_word' id='word_1_281' title='bbox 178 3580 233 3641; x_wconf 83' lang='lat' dir='ltr'><strong>p·</strong></span> <span class='ocrx_word' id='word_1_282' title='bbox 275 3562 409 3627; x_wconf 81' lang='lat'><strong>777.</strong></span> <span class='ocrx_word' id='word_1_283' title='bbox 474 3562 586 3643; x_wconf 87' lang='lat' dir='ltr'><strong>D.,</strong></span> <span class='ocrx_word' id='word_1_284' title='bbox 634 3582 835 3645; x_wconf 89' lang='lat' dir='ltr'><strong>quum</strong></span> <span class='ocrx_word' id='word_1_285' title='bbox 896 3558 1058 3625; x_wconf 86' lang='lat' dir='ltr'><strong>alibi</strong></span> <span class='ocrx_word' id='word_1_286' title='bbox 1100 3558 1277 3644; x_wconf 85' lang='lat' dir='ltr'><strong>apud</strong></span> <span class='ocrx_word' id='word_1_287' title='bbox 1325 3556 1688 3623; x_wconf 86' lang='lat' dir='ltr'><strong>Platonem·</strong></span> <span class='ocrx_word' id='word_1_288' title='bbox 1719 3577 1922 3619; x_wconf 89' lang='lat' dir='ltr'><strong>unum</strong></span> <span class='ocrx_word' id='word_1_289' title='bbox 1968 3554 2198 3636; x_wconf 75' lang='grc' dir='ltr'><em>σέβε·</em></span> 
     </span>
     <span class='ocr_line' id='line_1_39' title="bbox 178 3638 2224 3729; baseline -0.002 -22"><span class='ocrx_word' id='word_1_290' title='bbox 178 3647 353 3723; x_wconf 76' lang='grc' dir='ltr'><strong><em>σθαι,</em></strong></span> <span class='ocrx_word' id='word_1_291' title='bbox 405 3646 681 3725; x_wconf 84' lang='lat' dir='ltr'><strong>verbum</strong></span> <span class='ocrx_word' id='word_1_292' title='bbox 723 3644 1074 3728; x_wconf 44' lang='lat' dir='ltr'><strong>medium,</strong></span> <span class='ocrx_word' id='word_1_293' title='bbox 1099 3643 1401 3729; x_wconf 89' lang='lat' dir='ltr'><strong>usurpari</strong></span> <span class='ocrx_word' id='word_1_294' title='bbox 1447 3640 1884 3708; x_wconf 88' lang='lat' dir='ltr'><strong>consueverit.</strong></span> <span class='ocrx_word' id='word_1_295' title='bbox 1970 3638 2224 3721; x_wconf 27' lang='lat' dir='ltr'><strong>Enim-d</strong></span> 
     </span>
     <span class='ocr_line' id='line_1_40' title="bbox 178 3724 2200 3816; baseline -0.002 -25"><span class='ocrx_word' id='word_1_296' title='bbox 178 3750 315 3795; x_wconf 84' lang='lat' dir='ltr'><strong>vero</strong></span> <span class='ocrx_word' id='word_1_297' title='bbox 368 3754 570 3816; x_wconf 89' lang='lat' dir='ltr'><strong>quum</strong></span> <span class='ocrx_word' id='word_1_298' title='bbox 614 3730 817 3809; x_wconf 75' lang='lat' dir='ltr'><strong>verbo</strong></span> <span class='ocrx_word' id='word_1_299' title='bbox 862 3730 1082 3795; x_wconf 85' lang='lat' dir='ltr'><strong>activo</strong></span> <span class='ocrx_word' id='word_1_300' title='bbox 1124 3751 1261 3794; x_wconf 90' lang='lat' dir='ltr'><strong>non</strong></span> <span class='ocrx_word' id='word_1_301' title='bbox 1305 3726 1506 3793; x_wconf 91' lang='lat' dir='ltr'><strong>modo</strong></span> <span class='ocrx_word' id='word_1_302' title='bbox 1550 3734 1822 3811; x_wconf 87' lang='lat' dir='ltr'><strong>poetae,</strong></span> <span class='ocrx_word' id='word_1_303' title='bbox 1881 3724 2200 3808; x_wconf 81' lang='lat' dir='ltr'><strong>imprimis</strong></span> 
     </span>
     <span class='ocr_line' id='line_1_41' title="bbox 178 3810 2199 3905; baseline -0.003 -28"><span class='ocrx_word' id='word_1_304' title='bbox 178 3814 437 3899; x_wconf 79' lang='lat' dir='ltr'><strong>scenici,</strong></span> <span class='ocrx_word' id='word_1_305' title='bbox 508 3816 633 3881; x_wconf 88' lang='lat' dir='ltr'><strong>sed</strong></span> <span class='ocrx_word' id='word_1_306' title='bbox 698 3818 895 3881; x_wconf 87' lang='lat' dir='ltr'><strong>etiam</strong></span> <span class='ocrx_word' id='word_1_307' title='bbox 956 3813 1510 3903; x_wconf 70' lang='lat' dir='ltr'><strong>Thucydides</strong></span> <span class='ocrx_word' id='word_1_308' title='bbox 1578 3810 1668 3877; x_wconf 91' lang='lat' dir='ltr'><strong>II.</strong></span> <span class='ocrx_word' id='word_1_309' title='bbox 1743 3814 1848 3875; x_wconf 88' lang='lat'><strong>43.</strong></span> <span class='ocrx_word' id='word_1_310' title='bbox 1916 3810 2199 3905; x_wconf 52' lang='lat' dir='ltr'><strong>Xeqo‘.</strong></span> 
     </span>
     <span class='ocr_line' id='line_1_42' title="bbox 178 3894 2204 4045; baseline -0.005 -81"><span class='ocrx_word' id='word_1_311' title='bbox 178 3896 381 4045; x_wconf 50' lang='lat' dir='ltr'><strong>{hon</strong></span> <span class='ocrx_word' id='word_1_312' title='bbox 434 3902 641 3967; x_wconf 84' lang='lat' dir='ltr'><strong>Mem.</strong></span> <span class='ocrx_word' id='word_1_313' title='bbox 694 3900 820 3966; x_wconf 89' lang='lat' dir='ltr'><strong>IV.</strong></span> <span class='ocrx_word' id='word_1_314' title='bbox 881 3905 961 3982; x_wconf 81' lang='lat'><strong>4,</strong></span> <span class='ocrx_word' id='word_1_315' title='bbox 1046 3902 1145 3967; x_wconf 88' lang='lat'><strong>19.</strong></span> <span class='ocrx_word' id='word_1_316' title='bbox 1207 3911 1271 3965; x_wconf 89' lang='lat' dir='ltr'><strong>et</strong></span> <span class='ocrx_word' id='word_1_317' title='bbox 1336 3898 1728 3979; x_wconf 66' lang='lat' dir='ltr'><strong>Lucienus,</strong></span> <span class='ocrx_word' id='word_1_318' title='bbox 1814 3894 2204 3981; x_wconf 56' lang='lat' dir='ltr'><strong>Faus-amas,</strong></span> 
     </span>
     <span class='ocr_line' id='line_1_43' title="bbox 228 3980 2200 4075; baseline -0.004 -29"><span class='ocrx_word' id='word_1_319' title='bbox 228 3982 597 4071; x_wconf 75' lang='lat' dir='ltr'><strong>lutei-chus,</strong></span> <span class='ocrx_word' id='word_1_320' title='bbox 642 3983 791 4066; x_wconf 84' lang='lat' dir='ltr'><strong>alii,</strong></span> <span class='ocrx_word' id='word_1_321' title='bbox 838 3987 945 4051; x_wconf 89' lang='lat' dir='ltr'><strong>usi</strong></span> <span class='ocrx_word' id='word_1_322' title='bbox 988 3986 1159 4068; x_wconf 86' lang='lat' dir='ltr'><strong>sint,</strong></span> <span class='ocrx_word' id='word_1_323' title='bbox 1222 3983 1383 4071; x_wconf 89' lang='lat' dir='ltr'><strong>quid</strong></span> <span class='ocrx_word' id='word_1_324' title='bbox 1424 3980 1694 4049; x_wconf 86' lang='lat' dir='ltr'><strong>tandem</strong></span> <span class='ocrx_word' id='word_1_325' title='bbox 1737 3998 2014 4075; x_wconf 72' lang='lat' dir='ltr'><strong>caussae</strong></span> <span class='ocrx_word' id='word_1_326' title='bbox 2055 3996 2200 4041; x_wconf 86' lang='lat' dir='ltr'><strong>esse</strong></span> 
     </span>
     <span class='ocr_line' id='line_1_44' title="bbox 180 4060 2202 4156; baseline -0.002 -25"><span class='ocrx_word' id='word_1_327' title='bbox 180 4065 488 4156; x_wconf 82' lang='lat' dir='ltr'><strong>dicemus,</strong></span> <span class='ocrx_word' id='word_1_328' title='bbox 554 4094 675 4139; x_wconf 89' lang='lat' dir='ltr'><strong>cur</strong></span> <span class='ocrx_word' id='word_1_329' title='bbox 732 4070 999 4139; x_wconf 85' lang='lat' dir='ltr'><strong>Platoni</strong></span> <span class='ocrx_word' id='word_1_330' title='bbox 1055 4072 1243 4137; x_wconf 84' lang='lat' dir='ltr'><strong>verbi</strong></span> <span class='ocrx_word' id='word_1_331' title='bbox 1294 4070 1494 4147; x_wconf 79' lang='lat' dir='ltr'><strong>activi</strong></span> <span class='ocrx_word' id='word_1_332' title='bbox 1573 4089 1704 4133; x_wconf 88' lang='lat' dir='ltr'><strong>usu</strong></span> <span class='ocrx_word' id='word_1_333' title='bbox 1773 4060 2202 4128; x_wconf 75' lang='lat' dir='ltr'><strong>interdlctum</strong></span> 
     </span>
     <span class='ocr_line' id='line_1_45' title="bbox 180 4145 2202 4245; baseline -0.001 -32"><span class='ocrx_word' id='word_1_334' title='bbox 180 4153 455 4241; x_wconf 82' lang='lat' dir='ltr'><strong>velimus,</strong></span> <span class='ocrx_word' id='word_1_335' title='bbox 500 4158 887 4245; x_wconf 84' lang='lat' dir='ltr'><strong>praesertim</strong></span> <span class='ocrx_word' id='word_1_336' title='bbox 932 4179 1134 4241; x_wconf 84' lang='lat' dir='ltr'><strong>quum</strong></span> <span class='ocrx_word' id='word_1_337' title='bbox 1162 4152 1600 4245; x_wconf 85' lang='lat' dir='ltr'><strong>philosophus</strong></span> <span class='ocrx_word' id='word_1_338' title='bbox 1641 4150 1836 4217; x_wconf 87' lang='lat' dir='ltr'><strong>etiam</strong></span> <span class='ocrx_word' id='word_1_339' title='bbox 1880 4145 2026 4215; x_wconf 90' lang='lat' dir='ltr'><strong>aliis</strong></span> <span class='ocrx_word' id='word_1_340' title='bbox 2047 4170 2202 4213; x_wconf 64' lang='lat' dir='ltr'><strong>‘ver-</strong></span> 
     </span>
    </p>
   </div>
  </div>
 </body>
</html>
