2857 4738
654 335 709 400 c
837 321 871 432 ᾗ
1318 333 2052 402 PROLEGOMENA

658 507 801 574 733.
852 507 911 570 Α
960 543 1040 552 --·
1088 505 1174 570 D.
1224 527 1371 570 oum
1420 505 1690 592 Protag.
1739 529 1803 591 p.
1835 507 1980 570 354.
2031 501 2088 568 C
2122 541 2200 550 *-
2239 503 2316 568 Ε.
2366 539 2444 550 ---
2491 501 2686 588 Legg.

626 592 741 660 .V.
792 615 851 678 p.
900 593 1043 658 745.
1088 589 1148 654 Ε
1195 598 1277 638 -“-
1326 593 1472 656 746.
1525 589 1613 654 D.
1661 611 1810 656 cum
1857 589 2022 676 Rep.
2071 588 2157 653 V.
2206 615 2270 676 p.
2316 589 2460 652 471.
2524 584 2579 650 C
2633 623 2689 632 -—

655 679 802 744 473.
866 675 945 742 Β.
992 713 1075 725 -
1118 675 1332 762 Legg.
1392 675 1516 740 Vl.
1564 698 1630 761 p.
1695 677 1842 740 773.
1887 678 1954 739 Α
1995 711 2078 722 —-
2125 673 2206 742 C.
2251 697 2400 740 cum
2449 671 2690 738 Politic.

657 787 720 848 p.
798 763 943 828 310.
1011 761 1093 826 Β.
1152 783 1296 846 sqq,
1344 799 1425 810 —
1497 761 1714 848 Legg.
1775 759 1972 828 V111.
2031 783 2098 845 p.
2159 762 2304 826 837.
2365 762 2432 824 Α
2475 793 2556 806 --
2615 756 2688 820 D.

658 870 807 914 cum
868 843 1178 956 Sympos.
1236 869 1305 931 p.
1366 847 1508 912 180.
1569 844 1646 910 C.
1706 867 1852 930 sqq.
1903 855 2006 910 et..
2037 847 2165 909 200
2219 866 2368 930 sqq.
2427 841 2691 932 Phaedr.

658 957 727 1019 p.
784 935 931 996 ⁶255.
992 931 1074 998 E..
1138 953 1284 1016 sqq.
1332 967 1413 978 -—
1461 929 1676 1018 Iaegg.
1739 931 1828 994 X.
1892 953 1958 1016 p.
2003 933 2152 1000 893.
2199 930 2258 994 B
2303 967 2386 978 -—
2431 931 2576 996 894.
2617 932 2690 992 A.

658 1039 813 1086 cum
862 1015 1079 1084 Parm.
1136 1037 1201 1100 p.
1268 1016 1409 1080 138.
1457 1014 1536 1082 C.
1595 1037 1698 1100 sq.
1758 1015 2034 1082 Theaet.
2095 1041 2160 1102 p.
2231 1017 2368 1082 181.
2427 1012 2508 1082 C.
2563 1034 2696 1098 sqq.

658 1103 829 1168 Tim.
874 1125 939 1188 p.
985 1101 1091 1166 43.
1139 1099 1219 1168 C.
1266 1121 1413 1186 sqq.
1460 1137 1541 1148 -—
1589 1101 1804 1187 Legg.
1850 1099 1980 1166 IX.
2028 1126 2090 1189 p.
2137 1103 2286 1166 859.
2331 1099 2397 1164 D
2444 1135 2530 1148 --
2561 1099 2692 1164 860.

662 1187 751 1254 D.
796 1208 945 1252 cum
1008 1184 1219 1272 Gorg.
1278 1212 1342 1274 p.
1386 1188 1535 1250 476.
1595 1185 1664 1248 B
1711 1223 1776 1234 -·
1827 1189 1976 1254 477.
2041 1189 2128 1252 Α.
2173 1200 2268 1242 —-·’·
2303 1187 2404 1252 Le
2453 1208 2518 1272 g.
2577 1182 2694 1248 111..

662 1297 725 1358 p.
788 1273 933 1336 676.
991 1271 1055 1335 B
1122 1294 1269 1357 sqq.
1340 1293 1490 1336 cum
1535 1271 1706 1336 Tim.
1753 1294 1817 1356 p.
1867 1273 1968 1336 20.
2015 1271 2106 1338 D.
2151 1293 2296 1357 sqq.
2457 1269 2718 1336 imis-um*

664 1379 835 1443 quae
882 1379 965 1420 ex
1011 1359 1273 1443 Legum
1315 1357 1504 1422 libris
1561 1375 1719 1422 sunt
1760 1355 2082 1440 indicata,
2141 1379 2222 1422 ea
2265 1356 2367 1422 vir
2405 1353 2695 1422 doctissi-

662 1466 807 1510 mus
838 1442 1195 1508 arbitratur
1241 1465 1325 1522 ex
1368 1443 1608 1510 ceteris
1654 1441 1952 1508 Platonis
1997 1443 2264 1530 scriptis
2305 1450 2424 1508 aut
2469 1452 2694 1508 temere

662 1550 931 1594 corrasa
987 1528 1287 1611 maleque
1362 1527 1818 1594 consarcinata
1891 1536 2006 1591 aut
2079 1529 2146 1592 in
2220 1528 2486 1594 brevius
2555 1547 2695 1590 con·

664 1622 879 1678 tracta
936 1622 1051 1678 aut
1094 1612 1381 1697 denique
1426 1613 1596 1678 male
1639 1633 1801 1678 sano
1861 1612 2105 1678 iudicio
2197 1636 2352 1679 rave
2397 1613 2602 1678 mixta
2641 1618 2699 1674 et

666 1699 947 1764 confusa
1008 1719 1173 1764 esse.
1219 1729 1223 1738 ·
1272 1699 1372 1763 At
1431 1698 1603 1764 enim
1664 1721 1821 1763 vero
1879 1697 2044 1764 locis
2099 1699 2148 1765 il
2173 1699 2230 1764 is
2295 1699 2568 1785 propius
2611 1696 2698 1760 in·

664 1783 911 1868 speetis
973 1781 1091 1848 dili
1140 1781 1494 1867 entiusque
1552 1784 1944 1854 examinatis
1985 1793 2164 1852 certe
2211 1784 2553 1868 aliquanto
2596 1781 2700 1846 ali-

666 1879 771 1934 ter⁴
808 1867 1079 1934 iudican
1128 1891 1237 1934 um
1278 1867 1634 1934 videbitur.
1736 1869 1910 1934 Nam
1966 1871 2246 1956 primum
2290 1868 2560 1954 quidem
2596 1865 2702 1932 nii-

666 1952 841 2022 nime
882 1951 1119 2031 mirum
1162 1952 1460 2036 accidet,
1520 1953 1700 2038 quod
1743 1953 1936 2020 Plato
1979 1956 2048 2021 in
2097 1955 2392 2042 Legibus
2435 1950 2702 2022 subinde

666 2039 929 2104 iteravit
987 2039 1091 2106 vel
1150 2037 1369 2104 denuo
1426 2041 1732 2126 exposuit
1792 2049 1860 2106 et
1917 2040 2314 2125 illustravit,
2375 2063 2550 2127 quae
2587 2038 2704 2114 iani

668 2124 826 2190 alibi
872 2123 1029 2188 data
1071 2147 1111 2188 o
1163 2125 1571 2210 portunitate
1617 2125 2102 2193 illustravisset.
2191 2127 2367 2193 Nam
2411 2127 2530 2211 qui
2573 2133 2704 2190 tan-
2742 2127 2752 2132 “

668 2207 819 2274 de'm
864 2207 1056 2274 aliter
1148 2209 1243 2274 eri
1285 2211 1582 2296 potuisse
1625 2211 2170 2294 existimabimus,
2217 2234 2420 2296 quum
2467 2213 2542 2276 in
2583 2231 2703 2274 am·

667 2295 965 2383 plissimo
1010 2294 1137 2360 hoc
1182 2319 1381 2383 opere
1426 2294 1786 2379 identidem
1843 2295 2044 2362 iidem
2087 2296 2548 2385 philosophiae
2590 2293 2705 2360 loci

669 2380 1042 2467 attingendi
1086 2390 1286 2465 atque
1328 2381 1657 2449 tractandi
1701 2382 1970 2467 fuerint,
2021 2384 2151 2468 qui·
2181 2384 2382 2449 etiam
2423 2384 2500 2449 in
2533 2380 2704 2449 libris

668 2468 775 2533 De
834 2466 1241 2553 Republica,
1304 2464 1602 2553 Gorgia,
1661 2467 1978 2545 Politico,
2037 2470 2212 2535 aliis·
2243 2470 2538 2557 scriptis,
2571 2467 2706 2533 illu·

670 2550 857 2619 strati
916 2550 1115 2617 sunt?
1216 2550 1486 2638 Quippe
1544 2550 1628 2615 de
1670 2554 1926 2621 musica
1993 2564 2062 2619 et
2117 2554 2576 2643 gymnastica,
2635 2549 2707 2615 de

670 2637 911 2702 virtute
954 2635 1211 2701 civitati
1267 2636 1614 2722 proposita
1629 2682 1650 2719 ,
1723 2636 1805 2703 de
1875 2638 2380 2707 difficultatibus
2394 2689 2417 2725 ,
2485 2638 2708 2726 quibus

668 2720 1003 2807 perfectae
1088 2719 1376 2787 civitatis
1465 2722 1853 2797 constitutio
1945 2724 2411 2811 impediretur,
2537 2721 2706 2789 deni-

671 2826 801 2889 que
868 2802 967 2874 des
1043 2804 1189 2871 aliis
1264 2805 1492 2871 multis
1525 2805 1625 2881 -id
1673 2831 1887 2895 genus
1949 2810 2183 2892 rebus,
2271 2811 2420 2897 quis
2473 2828 2706 2896 quaeso

669 2896 772 2955 est
818 2888 976 2974 quin
1034 2899 1353 2977 protenus
1399 2890 1624 2957 videat
1677 2896 2052 2961 necessario
2113 2894 2308 2973 etiam
2365 2898 2460 2968 ‚in
2520 2893 2708 2980 Legi-

669 2976 797 3044 bus
872 2974 1348 3076 disputandum
1420 2976 1628 3043 fuisse
1647 3026 1667 3061 ‚
1742 2980 1870 3047 nisi
1945 2980 2383 3067 philosophus
2451 2980 2708 3055 institu-
2789 2990 2791 3019 ἢ

669 3072 804 3127 tam
832 3060 901 3126 in
932 3059 1038 3126 his
1068 3061 1257 3142 libris
1286 3060 1802 3149 disputationem
1850 3065 2138 3152 denique
2165 3074 2565 3143 mancamet
2603 3066 2710 3139 im-
2789 3144 2791 3147 Α

669 3147 1035 3231 perfectam
1092 3147 1468 3231 relinquere
1526 3148 1772 3215 vellet?
1839 3150 2001 3227 ,Iam
2044 3172 2204 3219 vero
2264 3152 2325 3218 si
2383 3150 2710 3237 quaeritur,
2789 3162 2791 3199 ³

670 3253 955 3316 quanam
1014 3230 1086 3298 id
1138 3234 1403 3309 ratione,
1438 3233 1691 3317 fecerit,
1742 3234 2038 3303 videmur
2077 3236 2222 3301 iure
2265 3247 2498 3305 nostro
2539 3236 2710 3305 affir-

670 3338 848 3400 mare
894 3326 1093 3401 atque
1135 3318 1569 3403 contendere,
1608 3320 1776 3397 nihil
1819 3319 2182 3422 quidquam
2223 3322 2310 3389 ab
2355 3345 2436 3389 eo
2481 3319 2711 3395 stolide

670 3409 789 3491 aut
843 3401 1066 3488 inepte
1122 3404 1338 3490 repeti
1382 3404 1630 3487 solere,
1678 3404 1797 3485 sed
1840 3428 2060 3473 omma
2101 3408 2307 3481 totins
2351 3409 2578 3493 'operis
2621 3428 2708 3471 rs-

668 3485 959 3554 tionibus
1014 3488 1486 3566 convenienter
1527 3489 1984 3570 sollertissimo
2027 3491 2308 3559 consilio
2352 3494 2460 3569 ‚vel
2501 3493 2712 3561 fusius
2775 3536 2778 3541 -

668 3571 1001 3637 illustrata
1029 3592 1175 3641 esse
1218 3574 1327 3641 vel
1368 3574 1440 3654 in
1465 3572 1735 3657 brevius
1759 3585 2101 3655 contracta
2125 3578 2232 3644 vel
2275 3578 2475 3653 etiam
2505 3578 2711 3653 ,alior-

668 3678 813 3739 sum
858 3652 1145 3739 deflexa3
1209 3658 1294 3725 de
1328 3680 1486 3743 qua
1535 3682 1606 3725 re
1662 3683 1796 3727 non
1849 3684 1986 3728 uno
2025 3663 2178 3741 loco
2223 3664 2562 3752 copiosius
2601 3684 2710 3740 ‚ex-
2750 3664 2768 3694 ⁵

649 3742 1035 3829 ‘posuimus
1065 3744 1133 3810 in
1194 3741 1720 3826 Commentariis.
1819 3744 2004 3829 Quid
2059 3747 2306 3836 igitur?
2364 3750 2569 3818 rebus
2622 3748 2710 3822 ita

589 3838 591 3840 ’
666 3828 1062 3915 comparatis
1118 3828 1427 3895 licebitne
1483 3829 1626 3895 iure
1669 3831 1806 3909 nvel,
1831 3832 2234 3911 levissimam.
2285 3856 2368 3899 ex
2407 3834 2585 3904 istis'
2608 3856 2710 3899 ca-

665 3934 827 3998 pere
900 3913 1287 3981 temerariae
1358 3912 1748 3983 imitationis
1805 3918 2300 4005 suspicionem?
2346 3918 2504 3993 ,Ad
2549 3920 2708 3985 haec

664 4020 825 4065 vero
876 3997 1141 4073 accedit
1194 3997 1389 4063 etiam
1439 3998 1635 4079 ,aliud
1705 4000 1869 4087 quid
1929 4002 2234 4091 diligenti
2301 4004 2708 4074 animadver-

665 4083 850 4149 sione
918 4084 1115 4172 longe
1187 4081 1704 4171 dignissimum·
1781 4088 2047 4157 Etenim
2105 4095 2340 4176 quu‘m-
2381 4088 2708 4164 interdum

660 4166 937 4248 eaedem
983 4192 1089 4235 res
1150 4190 1247 4257 acl
1295 4172 1666 4241 sententiae
1721 4176 2170 4260 preferantur,
2233 4196 2398 4259 quae
2443 4176 2517 4241 in
2561 4173 2707 4273 ‚aliis
