2857 4738
677 294 796 357 100
1346 234 2042 365 ARGUMENTUM

671 461 1003 527 mercium.
1098 462 1267 525 Nam
1312 460 1395 523 ad
1443 460 1820 545 nuptiarum
1849 461 2380 529 communi-tatem
2423 472 2488 527 et
2551 484 2686 530 con-

671 546 1075 613 iunctionem
1135 568 1430 633 prorsus·
1465 556 1570 611 est
1627 546 2071 615 necessarium
2127 546 2424 628 novisse,
2483 570 2521 611 a
2564 550 2706 632 qui-.

671 630 795 699 bus
854 630 1001 713 quis
1062 644 1333 697 uxorem
1392 631 1594 697 ducat
1657 640 1720 693 et
1773 654 1973 715 quam
2015 633 2121 697 vel
2179 654 2374 715 quem
2439 645 2688 719 nuptum

672 716 803 782 det.
896 717 1115 783 Huius
1156 717 1359 802 igitur
1402 718 1496 781 rei
1533 716 1650 793 ,lon
1702 739 1738 780 e
1783 717 2212 803 gravissimae
2255 740 2494 783 caussa
2517 740 2684 802 opor-

636 812 767 879 ,tet
823 802 1017 869 etiam
1073 803 1249 869 inter
1302 800 1498 869 ludos
1579 826 1624 888 p
1715 802 1880 867 licos
1971 804 2282 869 saltiones
2373 804 2684 868 instituere

672 893 917 974 pueros
974 898 1042 953 et
1084 887 1373 974 puellas,
1439 888 1640 971 idque
1669 888 1914 953 -facere
1973 887 2190 967 nudos
2233 874 2576 973 nudasqu'e
2615 887 2712 951 ad'

671 972 1083 1039 moderatum
1138 996 1349 1058 usque
1406 972 1746 1059 pudorem.
1837 972 1974 1039 Sed
2029 968 2111 1038 de
2155 974 2257 1039 his
2303 997 2560 1057 quoque
2598 994 2681 1037 re·

671 1060 820 1139 bus,
870 1060 1317 1146 experimento
1347 1057 1607 1125 demum
1647 1082 1762 1144 per
1807 1057 2036 1138 decem
2080 1081 2288 1130 annos
2333 1070 2570 1146 capto‚.
2595 1080 2679 1123 ac-

674 1145 965 1209 curatius
1012 1145 1389 1227 certiusque
1435 1142 1918 1209 decernendum
1976 1154 2043 1209 et
2086 1143 2508 1219 iudicandum
2551 1145 2680 1215 erit;

675 1252 851 1295 nunc
912 1230 1077 1317 legis
1128 1231 1373 1315 primas
1433 1231 1621 1312 quasi
1681 1230 1886 1293 lineas
1933 1229 2206 1296 duxisse.
2245 1231 2410 1295 satis
2451 1230 2565 1293 erit
2603 1229 2680 1310 (p.

676 1318 818 1379 771.
882 1318 965 1381 A.
1014 1353 1097 1363 —
1148 1318 1295 1379 77⁴2.
1361 1314 1509 1397 E.)
1559 1352 1636 1363 -—
1763 1314 2130 1380 Dicendum
2187 1338 2347 1381 vero
2403 1336 2568 1381 nunc
2605 1312 2680 1375 de

625 1451 640 1467 κ
676 1400 1251 1466 matrimoniis
1312 1410 1452 1481 est,
1511 1398 1594 1464 de
1655 1400 1892 1483 quibus
1950 1400 2114 1473 haec
2171 1400 2551 1485 exposuisse
2595 1400 2681 1461 ‘iu-

678 1486 876 1550 vabit.
1000 1485 1397 1571 Legitimum
1457 1494 1716 1570 tempus
1775 1484 2170 1551 matrimonii
2229 1485 2501 1551 ineundi
2550 1483 2680 1547 viris

677 1580 1007 1638 statuatur
1064 1592 1273 1635 annus
1332 1571 1567 1635 aetatis
1627 1571 1894 1654 quintus
1952 1571 2322 1642 vicesimus.
2364 1592 2564 1654 usque
2613 1566 2682 1631 ad

666 1656 977 1741 quintum
1056 1656 1480 1727 tricesimum.
1593 1655 1680 1719 .In
1755 1654 2106 1742 iungendis
2185 1667 2410 1722 autem
2471 1653 2682 1739 nuptiis

675 1740 897 1807 caveri
959 1749 1258 1825 oportet,
1325 1763 1403 1803 ne
1465 1740 1733 1805 divitiae
1792 1742 2013 1827 potius
2077 1756 2276 1825 quani
2319 1740 2678 1840 reipublicae

673 1827 963 1891 rationes
1026 1825 1497 1909 hominumque
1560 1848 1772 1891 mores
1831 1836 1897 1891 et
1951 1826 2216 1912 ingenia
2261 1829 2678 1912 respiciantur.
2768 1892 2770 1895 ,

676 1911 913 1994 Itaque
976 1912 1090 1995 qui
1153 1909 1464 1975 calidiore
1532 1922 1612 1974 et·
1657 1912 1976 1977 ferocior-e
2034 1912 2251 1976 animo
2311 1922 2496 1995 sunt,
2551 1910 2590 1973 ii
2625 1908 2674 1975 in

674 1996 1157 2063 matrimonium
1220 1995 1467 2062 ducant
1495 2033 1503 2039 ·
1529 1996 1816 2083 virgines
1885 1996 2196 2063 modestis
2244 2009 2670 2080 natasparen-

670 2082 881 2163 tibus,
945 2090 1013 2147 et
1070 2082 1359 2147 vicissim
1404 2082 1517 2166 qui
1559 2091 1717 2149 sunt
1759 2102 2005 2153 ,natura
2051 2082 2376 2150 tardiores
2421 2094 2488 2149 et
2527 2076 2674 2145 seda·

670 2169 907 2249 tiores,
965 2168 1009 2231 ii
1071 2184 1418 2253 parentum
1497 2167 1884 2237 alacrior-um
1945 2180 2012 2232 et
2069 2169 2494 2235 fervidior-um
2541 2164 2674 2229 filias

672 2274 909 2319 uxores
956 2252 1234 2331 ducant3
1294 2252 1389 2318 ita
1447 2252 1618 2318 enim
1687 2253 2035 2321 diversitas
2091 2256 2502 2340 ingeniorum
2545 2264 2678 2321 tam-1

651 2360 865 2424 ,quam
913 2346 1430 2427 temperamento
1491 2338 1777 2424 quodam
1822 2339 2118 2406 adhibito
2162 2341 2450 2406 lenietur
2509 2345 2672 2420 atque
2743 2407 2748 2414 ,

670 2425 1015 2510 paullatim
1072 2433 1440 2491 evanescet.
1544 2422 1854 2492 Coelibes
1908 2449 2067 2491 vero
2128 2426 2188 2492 si
2265 2427 2382 2512 qui
2443 2445 2574 2495 esse
2621 2428 2672 2483 et

668 2533 930 2576 manere
974 2511 1345 2590 maluerint,
1394 2532 1510 2576 eos
1603 2533 1676 2574 ar
1720 2519 1823 2576 est
1865 2511 2169 2580 mulctari
2227 2513 2494 2596 publice
2547 2515 2600 2574 et
2641 2526 2676 2580 a,

669 2597 1031 2660 iunioribus
1094 2595 1444 2659 contemni.
1607 2595 1690 2660 ed
1751 2607 1826 2662 ut
1879 2596 2211 2663 connubia
2252 2621 2356 2663 -ne
2413 2598 2671 2662 ineantur

618 2729 625 2734 .
668 2680 832 2744 lucri
864 2689 942 2766 et⁴
964 2687 1279 2760 quaestus
1312 2681 1549 2765 gratia,
1582 2679 1856 2761 dotem,x
1879 2705 2048 2766 quae
2074 2683 2362 2769 pretium
2393 2675 2670 2768 quinqua-

670 2763 855 2850 ginta
900 2762 1355 2830 drachmarum
1400 2764 1710 2848 e'xc-edat‚
1739 2768 1872 2835 xvel
1915 2766 2072 2832 dare
2120 2769 2222 2842 vel
2275 2770 2566 2852 accipere
2600 2763 2672 2824 le-

665 2849 865 2998 ffibus
918 2847 1349 2914 interdictum
1408 2852 1514 2915 sit.
1639 2853 1918 2920 Liberos
1996 2853 2414 2938 despondere
2467 2844 2672 2926 nemim

689 2944 865 3000 iceat
918 2933 1047 2999 nisi
1106 2935 1318 3020 patri,
1367 2935 1553 3000 fratri
1602 2958 1940 3022 germano,
1991 2962 2118 3004 avo
2162 2949 2464 3025 paterno,
2513 2944 2590 3014 et,
2624 2932 2670 2996 ei

666 3019 738 3084 hi
790 3019 1033 3090 mortui
1084 3021 1363 3103 fuerint,
1441 3025 1652 3088 matri.
1755 3023 1836 3088 In
1909 3025 2230 3100 conviviis
2305 3019 2670 3110 nuptialibus
2769 3057 2771 3094 3

666 3128 821 3172 vero
864 3104 1277 3172 celebrandis
1322 3105 1556 3172 sedulo
1597 3107 1956 3174 curandum
2001 3121 2122 3189 est,
2171 3121 2246 3175 ut
2293 3105 2670 3174 mediocritas
2769 3107 2771 3128 ¹

666 3191 983 3276 quaedam
1030 3200 1097 3256 et
1133 3193 1570 3276 temperantia
1613 3194 2014 3259 observetur.
2109 3195 2348 3282 Itaque
2377 3204 2442 3260 et
2481 3187 2668 3275 magni

662 3285 917 3342 sumtus
960 3277 1030 3341 in
1084 3277 1167 3344 iis
1203 3276 1462 3345 'vitandi
1493 3288 1660 3344 ‚sunt
1703 3289 1768 3344 et
1813 3280 2096 3347 ebrietas
2141 3283 2318 3346 omni
2363 3277 2547 3346 modo
2586 3275 2668 3338 fu·

664 3361 923 3448 gienda.
1048 3361 1287 3448 Neque
1360 3362 1532 3428 enim
1611 3363 1970 3449 quidquam
2043 3367 2235 3432 novis
2309 3361 2666 3448 coniugibus
2769 3355 2771 3380 ²

666 3445 979 3510 ebrietate
1032 3456 1139 3512 tur
1184 3449 1287 3512 ius
1346 3447 1578 3528 fuerit,
1641 3471 1773 3533 qua
1831 3459 2008 3515 certe
2047 3451 2211 3517 nihil
2255 3451 2526 3538 cogitari
2568 3466 2666 3531 po-

661 3539 797 3594 test
856 3529 1034 3613 quod
1095 3533 1137 3596 li
1186 3547 1446 3598 erorum
1502 3535 1942 3618 procreationi
1989 3537 2138 3622 plus
2183 3537 2407 3602 damni
2448 3531 2664 3598 afferat.
2707 3569 2710 3576 ·

662 3612 971 3684 Ceterum
1028 3617 1183 3682 novi
1242 3619 1558 3704 coniuges
1618 3618 1900 3694 seiuncti
1945 3644 2022 3684 ac
2067 3623 2358 3707 separati
2401 3619 2666 3684 habitent

661 3701 746 3766 ab
790 3699 1099 3765 affinibus
1144 3710 1213 3765 et
1247 3703 1590 3790 cognatis,
1651 3727 1736 3778 ne
1793 3705 2182 3791 quotidiana
2223 3730 2373 3774 cum
2415 3705 2494 3769 iis
2531 3722 2662 3767 con·

659 3784 947 3852 versatio
1003 3785 1341 3852 fastidium
1372 3828 1378 3842 ·
1413 3787 1649 3854 afferat
1713 3808 1830 3856 aut
1871 3791 2264 3857 discordiam
2313 3803 2380 3858 et
2419 3787 2661 3854 inimici·

658 3871 815 3936 tiam
884 3870 1102 3954 pariat
1174 3873 1281 3956 (p.
1343 3875 1487 3938 772.
1549 3874 1630 3939 E.
1689 3879 1974 3948 —-„776.
2039 3877 2182 3960 B.).
2241 3915 2322 3926 --
2423 3877 2539 3940 His
2592 3871 2708 3936 de·

658 3956 987 4022 connubio
1059 3957 1349 4023 ineundo
1432 3959 1781 4044 explicatis
1851 3961 2276 4030 Atheniensis
2351 3959 2543 4026 veluti
2601 3957 2658 4020 in

594 4072 606 4134 j
655 4041 1047 4112 transcursu·
1099 4043 1419 4128 quaedam
1481 4043 1753 4112 disserit
1809 4069 2006 4132 quum
2049 4046 2148 4112 „de
2193 4049 2500 4114 bonorum
2541 4053 2657 4108 tum

457 4179 469 4214 2
526 4141 560 4188 '.
590 4193 603 4198 ,
658 4126 741 4194 de
800 4150 1139 4195 servorum
1199 4131 1657 4224 possessione,
1737 4155 1904 4216 quos
1963 4135 2314 4218 prolixiore
2390 4133 2656 4212 oratione
