2857 4738
543 3087 548 3093 ·
648 3079 928 3143 persona
985 3058 1124 3123 eius
1191 3058 1252 3122 vi

635 313 952 384 xxxiv
1026 326 1032 338 ·
1289 303 2023 388 PRoLEGoMENA

641 485 878 551 ceteris
935 485 1149 574 minus
1208 486 1661 569 frequentata,
1732 494 1799 547 et
1860 482 2015 548 inde
2078 483 2161 547 ab
2219 483 2672 568 antiquissima

641 571 1232 636 aetate·0.bonarum
1292 572 1511 656 legum
1572 579 1639 634 et
1696 569 2176 654 praeclarorum
2220 569 2671 636 institutorum

643 658 814 722 fama
871 657 1150 735 maxime
1206 657 1572 721 nobilitata.
1700 666 1921 738 Atque
1980 657 2107 720 hoc
2163 654 2431 738 quidem
2493 664 2671 721 tanto

638 739 1030 829 prudentius
1089 743 1322 808 fecisse
1377 740 1715 830 putandus
1763 751 1899 824 est,
1959 739 2137 825 quod
2184 741 2473 806 civitatis
2518 763 2672 806 suae

640 827 1158 910 fundamentum,
1199 838 1272 893 ut
1315 837 1512 892 antea
1551 828 1859 909 vidimuS,
1907 827 2225 892 Doricum
2258 849 2401 892 esse
2451 827 2669 892 voluit.

644 915 747 980 Ibi
802 915 1005 1001 igitur
1060 915 1454 1000 inregione
1512 913 1794 996 quadam
1856 912 2106 977 insulae
2152 913 2233 977 ab
2281 912 2518 977 incolis
2564 911 2700 975 ‹le-¹

645 1009 861 1080 serta,
926 1021 1093 1082 quae
1156 999 1420 1083 quidem
1484 997 1812 1070 luculente
1874 997 2266 1063 describitur
2324 999 2506 1064 Libr.
2552 997 2669 1062 IV.

645 1109 707 1171 p.
773 1087 910 1151 704.
970 1085 1048 1148 Β.
1121 1107 1266 1168 sqq.
1333 1084 1531 1149 condi
1600 1085 1781 1148 iubet
1855 1084 2185 1148 civitatem
2259 1085 2672 1171 Magnetum,

647 1193 842 1254 quam
889 1169 1246 1234 identidem
1275 1170 1590 1258 appellat,
1636 1187 1711 1234 ut
1756 1171 1831 1236 L.
1879 1167 2075 1233 VIII.
2122 1193 2189 1255 p.
2238 1169 2385 1234 848.
2436 1169 2520 1238 D.
2549 1169 2671 1234 IX.

643 1281 707 1342 p.
765 1258 910 1320 860.
977 1255 1057 1334 Ε.
1113 1255 1240 1323 ΧΙ.
1303 1282 1362 1343 p.
1425 1258 1572 1320 919.
1622 1257 1707 1320 D.
1750 1253 1917 1319 XII.
1968 1279 2031 1340 p.
2081 1257 2225 1320 946.
2272 1255 2351 1319 B.
2399 1257 2545 1319 969.
2591 1257 2670 1320 A.

643 1339 848 1424 Quod
906 1334 1169 1426 quidem
1225 1341 1607 1426 neutiquam
1677 1351 1919 1409 temere
1974 1342 2069 1406 ita
2124 1340 2483 1407 confictum
2552 1350 2671 1422 est,

645 1426 762 1493 sed
807 1445 954 1492 cum
999 1428 1310 1494 historiae
1355 1427 1489 1492 fide
1514 1428 1927 1512 aliquatenus
1956 1427 2189 1492 saltem
2234 1428 2669 1492 coniunctum.

647 1514 819 1592 Nam
886 1515 1246 1600 Magnetas
1317 1513 1471 1578 olim
1549 1513 1949 1578 habitavisse
2023 1513 2091 1576 iu
2166 1513 2367 1596 Creta
2440 1512 2671 1593 insula,

646 1600 1028 1683 priusquam
1085 1601 1471 1686 migrarent‘
1500 1599 1567 1662 in
1612 1599 1839 1664 Asiam
1897 1601 2212 1664 minorem
2257 1600 2484 1683 ibique
2529 1599 2670 1663 Ma-

695 1685 940 1750 nesiam
987 1683 1070 1748 ad
1112 1685 1545 1752 Maeandrum
1595 1684 1976 1767 conderent,
2024 1685 2363 1753 verissime
2410 1683 2674 1770 collegit

723 1770 1128 1838 oeokhius
1175 1771 1278 1834 De
1331 1771 1496 1836 Plat.
1528 1771 1695 1836 Min.
1743 1786 1807 1836 et
1838 1772 2051 1857 Legg.
2097 1794 2162 1857 p..
2210 1773 2312 1838 68.
2360 1793 2441 1834 ex
2468 1770 2671 1834 Plat.

649 1857 748 1920 Le
794 1879 860 1940 vg.
919 1856 1048 1920 XI.
1109 1881 1174 1941 p.
1233 1860 1378 1923 919.
1440 1857 1527 1920 D.
1589 1855 1757 1922 XII.
1820 1881 1883 1943 p.
1958 1859 2103 1922 946.
2148 1857 2229 1921 B.
2274 1855 2673 1924 Strabon.
2790 1865 2792 1872 '

647 1879 845 2034 XIII.
903 1965 967 2026 p.
1039 1945 1184 2008 943.
1261 1941 1731 2008 Scholiast.
1807 1941 2197 2028 Apollon.
2304 1945 2561 2028 Argon.
2617 1939 2669 2004 Ι.

650 2030 795 2092 584.
889 2028 1190 2111 pluribus
1276 2029 1667 2094 testimoniis
1750 2029 2160 2094 confirmavit
2235 2027 2671 2094 Meursius

650 2111 830 2178 Cret.
895 2137 956 2198 p.
1021 2115 1121 2178 88.
1185 2128 1252 2178 et
1316 2113 1889 2199 postea-Carol.
1948 2113 2263 2178 Hoeck.
2341 2113 2407 2177 in
2482 2111 2671 2176 docto

649 2220 881 2284 opere:
927 2199 1204 2264 Kreta.
1293 2201 1461 2264 Ein
1506 2200 1889 2264 Versuch
1951 2223 2093 2263 zur
2150 2197 2672 2284 Aufhellung

651 2283 795 2350 der
873 2282 1435 2371 Geschichte,
1518 2285 1921 2374 Religion
1998 2308 2061 2348 u.
2136 2285 2673 2369 Verfassung

651 2369 931 2437 dieser
975 2372 1232 2437 Insel.
1321 2374 1473 2442 Vol.
1518 2374 1609 2438 Il.
1657 2398 1720 2459 p.
1766 2375 1913 2438 409.
1958 2393 2104 2456 sqq.
2234 2426 2257 2450 ,.

820 2456 963 2522 Iam
1009 2480 1162 2523 vero
1205 2480 1404 2523 scena
1446 2458 1691 2546 dialogi
1734 2459 1802 2523 in
1832 2458 2099 2523 Cretam
2144 2457 2426 2523 insulam
2471 2466 2670 2523 trans-

647 2544 781 2607 lata
823 2541 904 2607 de
951 2540 1226 2607 Socrate
1274 2544 1433 2628 quid
1457 2544 1826 2610 faciendum
1871 2544 2091 2623 fuerit,
2138 2544 2303 2609 adeo
2350 2552 2452 2609 est
2495 2566 2670 2629 aper—

649 2640 824 2710 tum,
883 2638 959 2693 ut
1014 2650 1120 2693 res
1176 2629 1287 2694 vix
1349 2629 1795 2696 admonitione
1852 2630 2165 2717 indigeat.
2275 2630 2459 2696 Fieri
2510 2629 2669 2693 enim

647 2712 827 2778 nullo
873 2712 1069 2777 modo
1100 2716 1340 2798 potuit,
1384 2726 1461 2780 ut
1502 2716 1610 2780 ille
1637 2717 1914 2801 loquens
1942 2715 2370 2781 induceretur
2404 2716 2472 2780 in
2506 2723 2671 2778 terra

651 2820 916 2864 versans
982 2801 1362 2885 remotiore,
1430 2803 1677 2889 quippe
1736 2825 1931 2887 quem
2003 2802 2070 2866 in'
2139 2802 2382 2887 vulgus
2456 2811 2669 2865 notum

651 2894 826 2950 esset
881 2885 990 2949 vix
1048 2908 1336 2971 unquam
1399 2887 1565 2953 fines
1630 2893 1899 2955 Atticae
1966 2910 2109 2953 esse
2171 2908 2528 2975 egressum.
2613 2908 2667 2946 v.

651 2970 861 3035 Plat.
965 2968 1222 3039 Criton.
1330 3022 1345 3036 .
1405 2976 1509 3037 52.
1578 2972 1657 3037 E.
1716 2998 1863 3059 sqq.
1950 2974 2105 3050 Huc
2163 2972 2447 3054 accedit,
2502 2966 2669 3055 quod

1259 2998 1393 3123 <ieri
1451 3059 1679 3126 debuit
1752 3062 1945 3125 etiam
2006 3068 2360 3145 propterea
2435 3058 2515 3122 ab
2573 3054 2667 3119 his

647 3142 1056 3208 sermonibus
1111 3166 1256 3209 esse
1319 3144 1626 3228 alienior,
1690 3146 1868 3231 quod
1928 3144 2008 3209 de
2068 3145 2150 3209 iis
2194 3145 2393 3209 rebus
2437 3142 2663 3229 agitur,

649 3251 922 3313 quarum
979 3227 1343 3317 disputatio
1410 3233 1495 3298 ab
1554 3233 1695 3297 eius
1754 3232 2019 3318 ingenio
2081 3241 2149 3295 et
2204 3229 2496 3295 moribus
2538 3226 2664 3290 fere

648 3312 1074 3379 abhorruerit.
1174 3315 1415 3401 Itaque
1480 3316 1705 3397 Plato,
1790 3315 2135 3383 amandata
2206 3314 2499 3383 Socratis
2568 3309 2665 3376 sui

647 3421 967 3483 persona,
1034 3400 1357 3488 hospitem
1424 3402 1749 3487 quendam
1804 3402 2318 3483 Atheniensem,
2381 3400 2548 3465 forte
2604 3394 2667 3459 in

649 3482 852 3551 Creta
909 3499 1455 3571 commorantem,
1516 3512 1667 3555 cum
1726 3486 1924 3554 Crete
1987 3486 2242 3569 Clinia,
2292 3485 2397 3556 cui
2442 3504 2665 3551 secun·-

649 3568 803 3635 dum
865 3570 1048 3635 Libr.
1116 3573 1237 3640 VI.
1297 3600 1360 3662 p.
1408 3578 1552 3645 951.
1596 3599 1635 3640 a
1692 3574 1947 3643 civibus
1992 3574 2129 3639 suis
2176 3596 2335 3639 cura
2378 3567 2663 3639 coloniae

647 3655 716 3719 in
759 3656 1153 3742 Magnetum
1211 3662 1544 3748 regionem
1615 3658 2043 3725 deducendae
2106 3660 2457 3724 commissa
2512 3661 2664 3751 erat,

652 3752 719 3805 ct
773 3764 922 3807 cum
991 3743 1270 3831 Megillo
1355 3744 1877 3811 Lacedaemonio
1950 3746 2329 3827 loquentem
2404 3739 2665 3833 induant:

647 3826 848 3909 Quod
910 3850 1102 3913 quam
1160 3832 1324 3897 scite
1389 3841 1457 3901 et
1512 3830 1849 3919 eleganter
1907 3832 2169 3913 fecerit,
2231 3830 2342 3915 qui
2388 3826 2666 3893 universi

649 3914 864 3997 operis
925 3915 1209 3980 rationes
1271 3916 1380 3981 dili
1434 3925 1619 3983 enter
1660 3939 1883 3983 secum
1928 3915 2424 4003 perpenderint,
2485 3908 2664 3975 facile

647 3998 818 4062 ultro
878 3999 1278 4071 fatebuntur.
1458 4002 1659 4067 tenim
1718 4003 2129 4090 significatur
2185 4003 2281 4068 ita
2324 3996 2541 4065 statim
2588 3991 2663 4057 ab

645 4082 863 4152 initio„
897 4085 1114 4169 operis
1187 4086 1334 4173 ipso
1393 4087 1567 4153 collo
1613 4090 1907 4155 nentium
1978 4089 2268 4165 delectu,
2339 4106 2479 4148 eam
2532 4080 2663 4147 fore

645 4168 930 4237 civitatis
978 4167 1060 4234 de
1105 4193 1280 4239 novo
1309 4172 1567 4239 conden
1618 4196 1711 4239 ae·
1735 4177 2041 4243 virtutem
2070 4198 2146 4241 ac
2190 4164 2663 4260 praestantiam,
