2857 4738
710 350 827 418 168

1352 347 1988 415 ‘PLATONIS

2043 472 2072 494 9

704 552 818 593 ναι
878 526 1005 613 χρὴ
1078 524 1233 604 τοὺς
1303 530 1782 604 ἐπικαλοῦντας
1853 524 2172 606 ἀλλήλοις
2238 530 2349 592 καὶ
2417 524 2566 604 τοὺς
2610 532 2701 617 φί-

708 632 867 707 λους
940 653 1009 695 τε
1082 631 1194 695 καὶ
1244 628 1626 709 ξυνειδότας
1678 626 1730 693 ὅ.
1771 654 1836 693 τι
1884 628 2174 711 μάλιστα
2229 626 2352 705 τὰς
2403 624 2699 719 ἀμφιςβη-

543 748 661 811 767
709 738 1035 817 τουμένας
1104 728 1405 814 πράξεις·
1473 726 1594 797 ἐὰν
1660 728 1720 796 δ’
1799 727 1938 815 ἄρα
2007 728 2242 815 glissy
2311 728 2570 806 τούτοις
2619 744 2696 805 τις

714 826 955 913 ἱκανὴν
1010 834 1223 917 κρίσιν
1274 830 1608 925 λαμβάνῃ,
1659 829 1828 917 πρὸς
1877 829 2045 898 ἄλλο
2087 822 2530 917 Ιὃικοιστ·ήριι>ν
2572 830 2684 897 ἴτω·

714 930 791 1001 τὸ
857 936 926 1000 δὲ
996 938 1258 1021 τρίτον,
1342 926 1432 999 ὀῖν
1503 932 1588 999 τοὶ
1658 930 1780 999 δύο
1840 930 2232 1019 δικαστήρια
2295 932 2390 1017 μὴ
2461 930 2680 1011 δύνηται

714 1032 1084 1114 διαλλάξαι,
1137 1038 1319 1112 τέλος
1370 1032 1683 1101 ἐπιθέτω
1715 1037 1794 1127 τῇ
1847 1037 2013 1125 δίκῃ.

2123 1032 2398 1120 Τρόπον
2455 1032 2531 1113 δή
2573 1056 2676 1099 τινα

714 1139 823 1203 καὶ
882 1136 1011 1201 τῶν
1064 1139 1503 1221 δικαστηρίων
1570 1141 1641 1205 αἱ
1691 1134 2128 1213 καταστάσεις
2175 1134 2526 1220 ἀρχόντων
2571 1136 2683 1200 εἰσὶν

712 1241 1019 1321 αἱρέσεις·
1102 1235 1324 1303 πάντα
1410 1242 1530 1322 μὲν
1604 1234 1736 1318 γὰρ
1808 1233 2107 1323 ἄρχοντα
2177 1230 2555 1319 ἀναγκαῖόν·
2609 1238 2688 1299 καὶ
2755 1250 2757 1259 ²

824 1432 913 1485 ‘P.
950 1434 1069 1489 76⁷.
1142 1434 1203 1485 a.
1256 1404 1401 1485 ’δύο
1441 1430 1514 1498 δὴ
1553 1436 1672 1486 nav
1710 1436 1788 1499 2.]
1827 1434 2004 1487 Astia-
2042 1433 2178 1487 coni.
2219 1427 2298 1483 θὲς

715 1572 867 1634 abest
924 1582 981 1621 ut
1026 1572 1269 1637 populari
1322 1572 1521 1624 iudicio
1583 1572 1675 1622 tri-

716 1642 846 1693 buat
902 1648 961 1692 ut
1026 1645 1254 1694 selectos
1313 1656 1377 1691 ex
1436 1642 1678 1693 omnibus

714 1710 1676 1846 ffl·ff:.t{’;⁵‡’.·.”:1;²:¹}zt⁵s.:¹512222.ssss

716 1849 928 1901 minime
1010 1849 1330 1915 corruptioni
1416 1850 1675 1903 obnoxios

716 1917 832 1971 sore
866 1919 1121 1983 spondet,
1174 1925 1362 1983 estque
1396 1919 1499 1969 hoc
1534 1918 1675 1984 quod

716 1986 1001 2039 identidem
1047 1990 1281 2055 appellat
1340 1984 1397 2037 τὸ
1447 1989 1548 2037 τῶν
1593 1988 1674 2038 ἐκ·

721 2058 907 2122 κρίτὼὶο
976 2058 1089 2111 sive
1143 2056 1409 2108 ἐκλεκτῶν
1444 2056 1678 2122 &eudoni-

720 2143 863 2191 ριον;
898 2126 1037 2179 conf.
1079 2130 1177 2179 xl.
1216 2144 1265 2194 p.
1302 2127 1425 2181 926.
1465 2126 1526 2179 D.
1558 2127 1662 2182 928

722 2198 783 2248 Β.
819 2196 939 2251 938.
977 2197 1039 2247 Β.
1078 2198 1195 2249 xli.
1234 2194 1355 2252 946.
1383 2198 1445 2247 D.
1468 2196 1590 2252 948.
1618 2202 1677 2247 Α.

716 2268 1072 2318 Veruntamen
1095 2266 1223 2319 haec
1259 2268 1431 2322 omnia
1467 2268 1536 2317 ad
1576 2269 1678 2333 pri·

718 2344 864 2388 vata·
900 2343 1096 2388 tantum
1146 2352 1365 2389 caussas
1414 2344 1678 2402 spectant3

718 2407 1043 2474 publicarum
1082 2415 1135 2458 et
1168 2408 1302 2473 ipse,
1337 2407 1481 2472 quod
1525 2407 1680 2461 Athe-

713 2477 796 2527 nis
830 2476 882 2526 iu
920 2477 1209 2528 maiestatis
1260 2478 1565 2528 criminibus
1597 2477 1677 2526 fa·

715 2551 852 2596 ctum
904 2561 1024 2596 esse
1071 2552 1310 2609 constat,
1369 2547 1673 2612 principium

716 2620 771 2666 et
820 2615 981 2682 finem!
1032 2628 1193 2675 penes
1256 2619 1504 2680 populum
1559 2631 1677 2666 esse

712 2681 857 2733 iubet
912 2696 963 2748 p.
1011 2681 1129 2736 768.
1174 2688 1233 2736 A.
1290 2684 1676 2748 quaesitoribus

715 2750 1114 2816 tantum-tribus
1151 2767 1215 2804 ex
1257 2753 1470 2804 summis
1507 2753 1674 2818 magi-

714 2819 1000 2883 stratibus,
1051 2818 1117 2870 de
1155 2821 1342 2886 quibus
1378 2823 1674 2874 accusatori

716 2902 833 2940 cum
872 2904 963 2940 reo
1000 2891 1326 2949 convenerit,
1374 2891 1440 2942 ad
1479 2898 1678 2957 tempe·

719 2957 934 3010 randam
973 2957 1139 3022 piebis
1162 2957 1408 3011 ferociam
1449 2961 1680 3025 interpo-

715 3028 857 3091 sitis3
918 3028 1168 3091 capitales
1212 3036 1387 3081 autem
1441 3047 1680 3092 caussas,

719 3098 787 3150 de
830 3098 1017 3162 quibus
1062 3097 1289 3150 Athenis
1344 3105 1676 3165 Areopagum

714 3166 977 3218 iudicasse
1032 3168 1258 3229 scimus,
1316 3170 1526 3220 selectis
1574 3171 1674 3221 iilis

712 3250 815 3288 uua
862 3253 977 3288 cum
1026 3237 1488 3302 nomopbylacibus
1526 3241 1674 3289 attri-

710 3305 831 3356 buit
885 3307 981 3357 IX.
1037 3322 1089 3372 p.
1151 3307 1391 3364 8550.
1440 3309 1560 3364 871.
1605 3309 1671 3358 D.

711 3373 831 3430 877.
881 3375 945 3426 Ε.
998 3391 1216 3441 quorum
1267 3379 1464 3430 alteros
1517 3393 1675 3444 supra

712 3442 938 3494 vidimus
958 3446 1199 3510 proxime
1220 3446 1288 3499 ad
1312 3455 1488 3498 cetera
1509 3454 1669 3499 Areo·

678 3514 1005 3578 'pagitarum
1042 3529 1291 3581 munera,
1339 3533 1474 3582 quac
1513 3517 1670 3568 Athe·

712 3581 791 3632 nis
852 3579 1069 3646 suerint,
1120 3587 1440 3648 'accessisse‚
1503 3587 1672 3646 alteri,

712 3653 951 3714 quamvis
974 3656 1251 3714 quotannis
1275 3658 1496 3720 repetita
1523 3673 1669 3708 crea-

713 3719 875 3781 tione,
908 3726 1083 3770 tamen
1121 3723 1220 3774 boc
1251 3739 1366 3775 cum
1404 3726 1502 3776 illis
1527 3741 1672 3776 com-

716 3802 873 3840 mune
922 3787 1131 3852 habent,
1178 3798 1233 3842 ut
1280 3809 1345 3841 ex
1392 3797 1671 3858 superioris

714 3861 831 3910 anni
888 3857 1304 3924 magistratibus,
1361 3863 1671 3926 probatione

714 3934 980 3994 superata,
1015 3927 1064 3977 in
1096 3929 1219 3980 iilud
1242 3930 1508 3992 fastigium
1549 3949 1669 3984 eve-

714 3997 918 4051 hantur.
956 3997 1091 4048 conf.
1134 3999 1230 4049 VI.
1270 4017 1321 4066 p.
1344 3999 1462 4054 767.
1489 4001 1550 4050 D.
1579 4001 1666 4062 iX,

715 4081 765 4130 p.
813 4067 932 4122 855.
974 4065 1034 4117 C·-
1116 4067 1279 4120 Multa
1338 4085 1463 4120 sane
1514 4073 1667 4123 etiam

712 4136 795 4186 hic
833 4136 1064 4198 novavit,
1101 4154 1236 4203 quae
1271 4154 1419 4204 quum
1461 4154 1666 4191 manum

713 4206 1116 4263 emendatricem
1178 4217 1361 4275 aperte
1430 4211 1668 4274 prodant,

710 4287 879 4339 aeque
924 4276 1153 4330 Athenas
1201 4293 1367 4344 neque
1416 4275 1464 4332 in
1513 4282 1660 4332 aliam

1776 1572 2037 1623 civitatem
2059 1570 2322 1623 Graecam
2344 1570 2596 1625 transferri
2623 1568 2694 1619 de-

1779 1642 1932 1701 bent,
1991 1641 2212 1694 sormam
2263 1656 2475 1707 quoque
2519 1638 2694 1691 iudicio·

1777 1724 1888 1763 rum
1933 1712 2150 1763 mutavit
2189 1716 2432 1766 ctr.“-
2483 1709 2696 1761 Nimirum

1779 1780 1935 1830 Pisto
1985 1782 2082 1830 tria
2119 1781 2396 1831 constituit
2434 1778 2693 1841 iudiciorum

1778 1864 1992 1915 genera=
2035 1850 2253 1915 primum
2285 1848 2585 1901 arbitrorum
2613 1842 2694 1911 (δι-

1779 1918 2051 1985 αιτητῶν),
2097 1933 2387 1985 eorumque
2430 1921 2504 1969 vel
2537 1918 2696 1967 nauco-

1778 2004 1889 2039 rum
1925 2004 1990 2039 ac
2027 1988 2309 2041 vicinorum
2333 1987 2416 2039 vel
2452 1987 2593 2039 etiam
2627 1983 2696 2034 tri-

1781 2058 1974 2109 bulium
2028 2060 2256 2111 omnium
2306 2070 2378 2119 (w
2433 2074 2479 2125 p.
2514 2054 2617 2111 768-
2649 2052 2694 2102 Β·

1781 2128 1896 2193 C.)‚
1933 2127 2068 2193 apud
2105 2143 2240 2192 quos
2284 2142 2495 2188 caussas
2529 2126 2695 2189 litigan-

1781 2197 1907 2247 tium
1947 2198 2029 2247 bis
2067 2198 2212 2248 iubet
2231 2196 2530 2262 disceptari,
2560 2195 2694 2261 prius·

1780 2282 1932 2331 quam
1991 2270 2038 2317 in
2087 2266 2224 2320 aliud
2284 2267 2522 2317 iudicium
2566 2260 2692 2313 dedu·

1781 2342 1989 2399 cantur,
2051 2351 2214 2403 penes
2261 2336 2402 2402 quod
2459 2336 2522 2404 sit
2557 2336 2692 2400 'p'ote-

1777 2413 1889 2457 stas
1925 2406 1992 2457 de
2026 2407 2182 2457 rebus
2205 2406 2550 2458 controversis
2582 2401 2691 2452 deni·

1777 2491 1880 2540 que
1900 2474 2239 2538 decernendi3
2279 2477 2518 2538 aiterum,
2552 2475 2690 2535 inquo

1777 2559 1995 2597 cantasse
2041 2547 2279 2610 privatae
2316 2552 2550 2610 agantur,
2589 2553 2689 2606 quae

1775 2621 1865 2666 aut
1903 2615 1969 2664 ab
2007 2615 2214 2667 arbitris
2236 2617 2480 2680 componi
2515 2627 2602 2664 uon
2617 2621 2684 2675 po·

1774 2684 1994 2744 tuerint,
2035 2690 2125 2736 aut
2166 2699 2270 2734 non
2311 2685 2376 2737 ad
2415 2685 2525 2734 iilos
2562 2679 2682 2731 dedu·

1776 2761 1894 2806 ctae
1929 2755 2063 2816 sint3
2107 2755 2319 2806 tertium
2357 2754 2588 2817 denique,
2619 2763 2681 2814 pe·

1774 2837 1868 2875 nes
1914 2823 2060 2888 quod
2103 2823 2172 2873 sit
2214 2829 2458 2888 potestas
2505 2819 2679 2871 iudicau-

1781 2891 1960 2944 darum
2027 2907 2330 2945 caussarum
2392 2891 2671 2959 publicarum.

1778 2962 1850 3014 Et
1886 2961 2065 3013 arbitri
2084 2954 2293 3026 qui'dem
2321 2964 2412 3025 mi,
2445 2975 2562 3026 quos
2585 2967 2670 3006 con·

1781 3032 1982 3094 stituit,
2038 3034 2214 3096 utique
2277 3033 2515 3092 diaetetis
2564 3023 2670 3078 Athe·

1781 3101 2030 3152 niensium
2051 3101 2247 3153 similes
2283 3107 2424 3162 suut,
2463 3099 2551 3152 nisi
2579 3089 2674 3160 quod

1777 3168 2117 3235 philosophus
2143 3187 2234 3222 eos
2257 3172 2426 3222 voiuit
2443 3183 2554 3220 esse
2576 3177 2678 3214 com·

1776 3241 2164 3306 promissorios.
2269 3241 2472 3292 ludices
2548 3239 2679 3312 auten

1775 3323 2078 3361 caussarum
2130 3311 2444 3376 privatarum
2479 3321 2568 3356 non
2600 3315 2679 3352 exi·

1774 3393 1930 3444 guam
1956 3377 2148 3430 habent.
2170 3377 2286 3438 c‘um
2308 3376 2538 3429 diaetetis
2560 3369 2680 3422 Athe-

1776 3449 2028 3500 niensium
2101 3447 2510 3506 simiiitudinem‚
2547 3451 2680 3520 -quq⁸

1772 3517 1895 3568 item
1934 3525 2142 3571 constat
2175 3518 2244 3572 ·de
2281 3517 2476 3570 caussis
2507 3512 2680 3579 privati·

1773 3585 2122 3650 iudicavisse,
2190 3590 2259 3639 ita
2304 3594 2492 3642 tamen,
2533 3586 2582 3630 ut
2617 3589 2679 3628 m

1773 3662 2138 3720 controversas
2197 3657 2350 3708 etiam
2414 3653 2576 3704 liceret
2629 3641 2678 3696 ad

1777 3725 2043 3777 Heliastas
2097 3726 2302 3778 deferre
2356 3723 2574 3784 adeoque
2629 3711 2678 3764 ab

1772 3796 1979 3847 iiiorum
2025 3797 2278 3847 sententia
2317 3793 2379 3844 ad
2403 3791 2571 3851 =borum
2603 3797 2676 3833 au·

1772 3866 2065 3920 ctoritatem
2090 3879 2390 3931 provocare.
2419 3862 2579 3922 itaque
2592 3851 2672 3919 phi·

1772 3935 2018 4000 Iosophus
2042 3948 2254 4000 caussas
2271 3933 2488 3999 privatas
2509 3935 2672 3979 omnes,

1771 4017 1908 4068 quae
1947 4004 2156 4056 Athenis
2196 4007 2327 4056 inter
2357 4000 2604 4050 Diaetetas
2631 3992 2672 4072 qt

1772 4073 2040 4126 Heliastas
2078 4074 2276 4126 divisae
2303 4077 2459 4132 erant,
2490 4066 2552 4115 its
2581 4073 2668 4123 ‹1¹¹¹-

1771 4141 1917 4208 dem,
1957 4152 2012 4194 ut
2047 4144 2182 4209 apud
2222 4144 2310 4195 bos
2347 4137 2579 4190 maximae
2607 4128 2667 4176 fe-

1769 4227 1828 4262 re
1873 4221 2033 4278 atque
2067 4214 2394 4279 gravissimae
2421 4205 2665 4282 agerqnssqfs

1767 4282 1854 4334 nui
1929 4288 2126 4336 tantum
2207 4279 2390 4334 iudicio
2461 4269 2663 4324 attribuit·
