2857 4738
602 1556 1737 1761 Anaumnwrnm

793 1854 1063 1909 uum
1100 1852 1529 1927 sarm-ml.-

145 2086 492 2225 Sequitur.
549 2152 630 2208 ut
686 2142 1037 2219 dicendum
1097 2146 1184 2212 sit
1241 2145 1324 2212 de
1386 2144 1775 2211 educat-ione
1819 2150 1885 2207 et
1914 2144 2189 2208 ‘institu-

150 2226 314 2293 tione
373 2249 779 2314 puerorum,
839 2230 920 2295 de
961 2254 1094 2315 qua
1139 2241 1208 2296 et
1249 2232 1505 2297 sancire
1549 2231 1729 2318 leges
1776 2228 2077 2314 publicas
2123 2238 2191 2293 et

143 2332 268 2378 non
314 2316 588 2381 sancire
632 2337 838 2402 aeque
884 2315 1150 2386 difficile
1197 2330 1317 2384 est.
1407 2318 1581 2384 Nam
1627 2338 1827 2402 quum
1872 2336 1973 2399 ea,
2020 2336 2189 2400 quae

141 2397 263 2463 hoc
320 2401 394 2465 in
437 2423 684 2489 genere
729 2403 810 2468 ab
854 2402 1225 2470 hominibus
1271 2405 1473 2492 vulgo
1515 2411 1909 2504 peccantur,
1970 2403 2188 2488 reipu-

143 2484 352 2551 blicae
420 2493 555 2552 non
613 2509 762 2554 raro
820 2489 1173 2574 plurimum
1233 2489 1453 2556 damni
1512 2490 1829 2571 inferant,
1890 2501 2023 2552 non
2068 2510 2187 2573 po-

141 2581 266 2637 test
309 2574 620 2659 profecto
666 2575 1090 2660 gravissimus
1136 2576 1243 2642 hic
1284 2576 1471 2642 locus
1516 2599 1555 2640 a
1578 2575 1800 2662 legum
1844 2572 2191 2639 conditore

135 2657 336 2743 plane
399 2661 854 2745 praetermitti
891 2661 1170 2728 silentio.
1288 2663 1423 2730 Sed
1483 2684 1685 2747 quum
1760 2682 1885 2726 nec
1942 2660 2186 2736 omnia,

137 2765 314 2828 quae
395 2747 731 2831 pertinent
802 2745 888 2812 ad
959 2748 1456 2834 educationem,
1527 2749 1747 2836 legum
1816 2745 2188 2832 praeceptis

133 2830 407 2916 possint
482 2831 987 2919 comprehendi,
1049 2834 1585 2921 quandoquidem
1640 2833 1976 2920 ‘pleraque
2050 2855 2189 2897 om·
2236 2860 2242 2865 ·

133 2916 245 2980 nia
267 2965 290 3000 ,
349 2938 524 3001 quae
589 2941 667 2984 eo
727 2921 1094 3004 pertinent,
1149 2921 1233 2986 ad
1277 2922 1453 2988 vitae
1497 2920 1793 3007 privatae
1838 2940 1917 2984 ac
1960 2916 2183 2982 dome·-

50 3083 52 3086 y
133 3003 348 3068 eticae
415 3002 705 3069 rationes
756 3006 1163 3089 referuntur,
1221 3029 1403 3092 quas
1464 3027 1692 3071 omnes
1755 3023 1832 3069 a‘c
1891 3001 2185 3090 singulas

135 3087 408 3175 legibus
479 3089 758 3156 definire
829 3101 894 3156 et
975 3093 1376 3160 constituere
1452 3093 1649 3158 velle·
1684 3091 1819 3173 sic,
1894 3098 1968 3153 ut
2023 3086 2187 3152 nihil

135 3183 376 3239 contra
420 3173 560 3260 fiat,
606 3198 798 3242 nemo
856 3178 1201 3264 quisquam
1247 3201 1538 3265 unquam
1582 3175 1865 3242 voluerit
1908 3181 2025 3240 aut
2066 3190 2201 3260 po-‘

137 3261 380 3339 tuerit3
419 3263 889 3348 ‘periculosum
945 3265 1174 3350 utique
1243 3265 1455 3333 videri
1529 3263 1765 3345 debet,
1847 3260 2029 3347 leges
2103 3257 2187 3324 de

133 3344 505 3412 iuventutis
550 3347 942 3414 educatione
998 3350 1356 3438 propositis
1401 3349 1598 3415 simul
1640 3346 1873 3434 poenis
1918 3358 1988 3412 et
2028 3365 2187 3431 sup-

135 3431 355 3516 plicii-:⁸
419 3434 682 3519 publice
741 3436 1061 3521 scribere,
1133 3447 1487 3537 propterea
1545 3433 1723 3520 quod
1780 3433 1875 3497 ita
1931 3431 2187 3497 accidet

52 3567 55 3570 .
137 3517 490 3603 facillime,
552 3528 628 3584 ut
675 3520 1021 3606 homines,
1080 3545 1315 3610 poenis
1371 3522 1503 3587 hoc
1559 3523 1629 3586 in
1673 3539 1914 3608 genere
1957 3535 2185 3584 assue-

135 3603 332 3688 facti,
399 3604 595 3670 etiam
655 3606 820 3674 alias
876 3607 1059 3695 leges
1121 3618 1538 3675 contemnere
1597 3629 1675 3672 ac
1739 3603 1927 3670 nihili
1990 3605 2186 3671 aesti-

128 3713 314 3755 mare
389 3691 735 3779 incipiant.
854 3691 1188 3775 Quocirca
1239 3716 1407 3780 quae
1481 3691 1591 3759 hic
1650 3691 2017 3779 exposituri
2074 3713 2181 3756 su-

126 3799 318 3861 mus,
387 3799 467 3842 ea
525 3788 1040 3845 consentaneum
1109 3779 1234 3845 erit
1292 3778 1723 3845 admonitioni
1770 3785 1836 3843 et
1880 3775 2183 3843 cohorta-

127 3863 298 3928 tioni
359 3885 556 3947 quam
615 3863 747 3952 legi
805 3887 951 3932 esse
1009 3865 1340 3935 similiora.
1430 3867 1538 3932 Ita
1580 3865 1752 3931 enim
1795 3883 2061 3950 sperare
2104 3860 2182 3923 li-

133 3958 262 4032 cet,
311 3949 506 4029 cives,
538 3951 620 4016 iis
665 3950 840 4018 ultro
899 3973 977 4017 ac
1024 3962 1256 4038 sponte
1301 3975 1443 4019 esse
1488 3953 2017 4038 morigeraturos.
2070 3943 2179 4044 OP.

133 4037 279 4102 788.
345 4038 412 4100 A
460 4073 548 4085 -
592 4035 671 4101 C.
718 4075 801 4085 —-
839 4054 845 4059 ·
885 4037 1013 4105 Est
1071 4049 1288 4105 autem
1350 4036 1725 4104 educationi
1780 4032 1945 4099 nihil
2002 4029 2183 4094 ahud

131 4122 554 4208 propositum
611 4121 739 4188 nisi
784 4122 910 4189 hoc
930 4173 950 4210 ,
995 4132 1071 4190 'ut
1113 4125 1368 4192 animus
1411 4126 1656 4210 pariter
1698 4128 1896 4203 atque
1938 4139 2179 4202 corpus

129 4205 212 4272 ad
267 4231 472 4294 quam
535 4209 857 4276 maximae
915 4210 1383 4296 pulcritudinis
1444 4220 1513 4275 et
1572 4202 1994 4296 perfectionis
2038 4201 2180 4268 lau-
