2857 4738
394 327 525 391 DF.
576 327 1001 404 LEGIBUS
1048 330 1229 395 121ss.
1281 331 1443 397 VII.
1493 332 1566 395 P.

132 502 247 553 Sed
291 503 459 552 multo
499 502 695 552 certine
732 502 891 552 etiam
928 503 1120 552 confir-

130 585 289 622 mant
330 573 553 620 eandem
590 572 759 633 ipsius
794 571 961 620 verba
996 571 1118 622 Pla-

126 644 305 702 tonis,
346 656 483 704 quae
522 643 775 690 continuo
830 641 1119 692 subiiciun-

128 725 241 772 tur,
282 710 721 772 quandoquidem
760 711 938 759 omnia
958 717 1118 774 atque

126 781 375 843 singula,
413 780 503 827 ubi
532 781 674 828 illam
698 780 928 842 amplexi
958 781 1117 828 fueri-

126 865 273 910 mus,
316 856 423 914 tam
446 849 625 910 plana,
646 859 753 896 tam
776 856 979 910 aperta,
1008 858 1115 898 tam

124 920 375 980 denique
431 917 665 966 dilucida
724 917 889 979 finnt,
948 926 1005 965 ut
1050 920 1117 966 de

126 997 253 1038 toto
304 988 427 1034 loco
468 1001 535 1036 ne
582 987 852 1036 levissima
903 988 1115 1048 quidem

123 1057 409 1106 dubitatio
448 1064 732 1104 remaneat.
780 1060 994 1119 ·ltaque
1031 1057 1115 1106 his

122 1128 213 1175 ita
250 1125 513 1187 expositis
542 1127 611 1174 ad
636 1126 824 1174 horum
856 1126 1115 1187 ipsorum,

125 1209 275 1258 quae
364 1194 613 1256 deinceps
698 1203 1112 1256 consequuntur,

124 1278 373 1314 examen
408 1264 659 1324 accedere
696 1264 892 1312 licebit.
968 1263 1112 1312 Affe-

124 1341 331 1382 runtur
366 1341 571 1392 autem,
626 1333 670 1379 si
710 1335 839 1394 quid
877 1332 1113 1381 iudicare

124 1409 625 1466 possumus‚·tot0
688 1401 789 1450 hoc
852 1401 973 1449 loco
1026 1417 1111 1460 ea,

122 1485 277 1535 quae
314 1471 381 1518 ad
430 1470 729 1519 uberiorem
774 1479 1111 1531 antegresso-

127 1556 259 1590 rum
356 1541 635 1588 verborum
725 1541 1111 1602 expositionem

128 1616 449 1671 comparata
484 1610 616 1658 sinte
656 1608 709 1656 id
748 1608 894 1671 quod.
924 1609 1005 1656 vel
1045 1623 1111 1656 ex

127 1693 239 1728 usu
278 1679 585 1727 vocularum
625 1677 705 1742 καὶ
745 1673 809 1741 δὴ
848 1679 937 1726 καί
958 1679 1111 1732 inte]-

128 1749 235 1810 ligi
270 1749 414 1796 licet.
452 1746 603 1804 Quae
639 1747 851 1809 quidem
887 1747 1111 1808 triplicis

128 1825 261 1866 eunt
278 1817 507 1877 generis.
527 1815 663 1864 Nam
682 1816 927 1864 dicuntur
947 1816 1110 1864 eitha-

130 1888 301 1936 ristae
331 1886 557 1948 primum
578 1881 871 1948 πυκνότητα
888 1881 1109 1946 μανότη·

130 1971 208 2012 ττ,·
237 1955 433 2002 deinde
460 1950 607 2014 nixos
636 1952 935 2016 βραδυτῆτι,
962 1956 1111 2014 deni—

126 2039 241 2088 que
260 2019 487 2086 ’ὀξύτητα
505 2020 756 2085 βαρύτητι
778 2021 1113 2085 ampelio-9011,

126 2104 363 2154 eamque
382 2088 669 2154 ξύμφωνον
685 2093 766 2140 καὶ
792 2089 1105 2152 ἀντίφωνον.

128 2162 291 2220 Quae
332 2162 511 2210 onmia
530 2163 711 2226 qualia
732 2165 838 2210 sint
862 2170 915 2210 et
950 2177 1109 2223 quor-

130 2247 253 2280 sum
287 2232 605 2292 pertineant,
643 2233 832 2280 ordine
859 2232 1109 2292 deinceps

130 2301 217 2350 it‘a
260 2301 531 2361 explicare
567 2301 907 2360 conabimur,
946 2307 1002 2346 nt
1038 2299 1111 2346 si-

129 2372 245 2421 mul
310 2369 484 2418 locum
534 2369 825 2430 Platonis,·
856 2376 1111 2432 quantum

130 2439 339 2504 poterit
374 2439 517 2499 fieri,
566 2440 812 2491 subtilius
851 2440 1109 2500 interpre-

128 2520 327 2559 temur.
391 2506 778 2565 Quaerentibus
816 2509 979 2570 igitur
1018 2521 1111 2555 no-

128 2579 221 2627 bis
268 2577 335 2625 de
388 2579 679 2639 primorum
726 2578 1009 2627 verborum
1058 2576 1111 2623 vi

129 2656 191 2697 et
226 2652 492 2709 potestate
538 2657 663 2695 ante
698 2648 879 2695 omnia
922 2644 1109 2695 defini-

128 2717 331 2767 endum
389 2730 503 2765 esse
555 2718 791 2777 videtur,
857 2716 985 2779 quid
1040 2714 1110 2761 sit

130 2781 420 2846 πυκνότης.
490 2786 571 2835 Ea
612 2800 736 2835 vero
774 2787 829 2833 in
878 2798 1109 2848 quanam

128 2869 199 2905 re
236 2854 412 2916 posita
446 2854 632 2916 fuerit,
681 2856 811 2903 satis
860 2854 1107 2916 explora·

128 2934 251 2973 tum
290 2922 527 2973 habetur.
566 2924 725 2973 Dicta
760 2924 901 2971 enim
936 2938 969 2973 a
994 2935 1107 2971 mn-

129 2993 263 3044 sicis
303 3000 385 3041 est
421 2989 697 3056 πυκνότης,
736 3008 897 3056 quum
932 2991 1109 3055 spatia

129 3076 397 3113 sonorum
454 3062 825 3125 principalium
894 3062 1112 3109 interie-

130 3131 239 3181 ctis
264 3132 414 3181 sonis
450 3132 733 3181 mobilibus
756 3130 957 3179 maiore
982 3144 1113 3193 qua-

130 3202 259 3249 dam
312 3214 505 3249 vocum
564 3201 820 3252 varietate
880 3200 1112 3262 eomple-

130 3270 353 3329 bantur‚
388 3276 549 3331 atque
584 3271 651 3319 iis
688 3270 864 3330 sonis,
902 3269 992 3333 qui
1030 3282 1113 3317 es·

129 3346 257 3388 sent
293 3339 616 3401 interpositi,
656 3340 815 3388 etiam
852 3338 945 3387 alii
993 3350 1111 3385 rur-

130 3422 229 3457 sus
266 3407 741 3469 interserebantur,
787 3408 865 3455 ita
910 3412 969 3455 ut
1004 3420 1112 3454 ma-

128 3478 219 3527 ior
242 3477 369 3526 inde
407 3478 713 3527 nasceretur
750 3491 934 3525 eornm
956 3475 1113 3538 copia

130 3553 191 3595 et
252 3546 571 3611 frequentia.
643 3546 934 3595 Enimvero
994 3545 1111 3591 uni-

130 3616 333 3677 cuique
371 3620 529 3675 certe,
565 3615 657 3677 qui
694 3615 897 3665 musica
928 3613 1011 3661 vel
1038 3615 1111 3661 le·

133 3686 278 3733 viter
316 3684 639 3746 gustaverit,
690 3686 985 3733 clarissime
1018 3696 1111 3743 pa·

128 3764 251 3803 tere
289 3752 465 3813 debet,
502 3753 853 3803 fractionibus
876 3751 1025 3816 quasi
1060 3756 1113 3798 et

129 3822 499 3872 solutionibus
562 3822 879 3885 quibusdam
949 3833 1111 3868 sono-

128 3908 253 3942 rum
292 3892 349 3940 in
384 3898 564 3954 partes
604 3893 836 3941 minores
874 3898 929 3940 et
960 3896 1109 3937 tenu·

128 3964 279 4011 iores
314 3960 595 4021 admissis,
632 3961 780 4022 ipsos
818 3958 1107 4023 spissiores

128 4032 369 4081 existere
430 4037 485 4078 et
550 4032 705 4093 quasi
766 4029 1109 4085 condensari3

130 4100 284 4164 qnod
330 4099 507 4162 ipsum
554 4098 894 4149 πυκνοῦσθαι
942 4096 1109 4159 signi-

129 4170 273 4219 ficat.
339 4168 581 4219 Pertinet
618 4168 719 4217 huc
757 4169 905 4218 locus
942 4166 1107 4215 Plat.

130 4238 215 4289 De
243 4237 378 4301 Rep.
414 4236 540 4287 vll.
572 4252 623 4301 p.
651 4237 773 4291 531.
812 4238 902 4287 nbi
940 4236 1109 4286 facete

1617 335 1744 398 812
1788 331 1887 398 St.
2063 335 2190 398 345

1222 519 1318 572 nee
1366 506 1484 554 eine
1527 506 1776 556 irrisione
1823 506 2192 556 ‹iz-scribuntur

1220 577 1493 636 organici,
1527 589 1594 624 ex
1633 577 1826 624 talibus
1859 575 2020 625 rebus
2063 578 2190 624 insi-

1220 657 1375 706 gnem
1390 646 1656 708 quandam
1681 647 1814 694 artis
1836 644 2044 694 laudem
2069 660 2188 708 cap·

1218 720 1417 762 tentes.
1479 713 1781 773 πυκνώματ’
1829 710 1942 762 ἅττ’
1995 715 2060 797 όν
2063 711 2186 772 ομὰ·

1216 783 1394 843 ζοντες
1421 784 1506 832 καὶ
1545 781 1877 846 παραβάλλον
1884 797 1962 832 τες
1987 781 2044 832 wi
2077 777 2189 832 οὖτα

1220 867 1338 899 οιον
1360 848 1417 898 ἐκ
1457 849 1707 916 γειτόνων
1735 850 1923 916 φιστὴν
1951 853 2186 916 θηρευό-

1216 936 1309 980 μετ
1314 937 1363 968 οι
1402 920 1460 968 οἱ
1483 921 1585 1000 ,μέν
1623 937 1786 983 φασιν
1819 923 1890 970 ἔτι
1933 939 2186 971 κατακου-

1216 1006 1293 1037 ειν
1329 987 1401 1037 ἐν·
1425 990 1574 1072 μέσῳ
1619 985 1747 1056 ηχῆν
1790 1008 1900 1040 τινα
1940 994 2022 1040 καὶ
2073 1008 2182 1052 σμι-

1218 1055 1474 1122 κρότατον
1523 1053 1654 1109 εἶναι
1705 1063 1860 1110 τοῦτο
1911 1058 2184 1124 διάστηματ

1215 1129 1312 1178 ad·
1322 1143 1478 1191 quem
1517 1129 1690 1179 locum
1739 1130 1892 1194 plura
1925 1133 1992 1180 de
2029 1147 2094 1182 ea
2128 1147 2186 1180 re

1215 1199 1554 1246 commentati
1619 1215 1814 1248 sumus.
1893 1199 2003 1249 Nec
2057 1215 2186 1250 vero

1214 1268 1391 1315 aliena
1431 1274 1552 1314 sunt
1586 1268 1684 1316 illa
1719 1267 1996 1327 Quintil.
2023 1271 2184 1318 Insti-

1213 1344 1311 1384 tnt.
1352 1333 1501 1385 Orat.
1538 1335 1668 1385 XII.
1693 1337 1776 1389 10.
1817 1337 1900 1388 68.
1938 1339 2030 1386 ubi
2065 1338 2184 1388 rhe-

1212 1413 1299 1452 tor
1354 1405 1682 1454 clarissimus
1747 1407 1878 1454 haec
1942 1407 2182 1469 scripsit:

1212 1472 1406 1522 Eadem
1445 1473 1747 1524 mimicorum
1783 1473 1921 1540 ratio
1951 1480 2055 1525 est.
2095 1474 2187 1540 qni

1210 1557 1363 1606 quum
1399 1541 1454 1590 in
1491 1540 1696 1592 cithara
1737 1542 1958 1608 quinque
1991 1543 2182 1594 comti-

1211 1615 1413 1660 tuerunt
1479 1627 1655 1673 sonos,
1709 1612 1938 1678 plurima
1997 1611 2184 1662 deinde

1210 1678 1479 1730 varietate
1532 1683 1784 1746 complent
1847 1680 2022 1746 spatia
2087 1681 2184 1730 iun

1210 1765 1500 1807 nervorum,
1537 1755 1696 1815 atque
1731 1749 1824 1809 iis,
1863 1766 1986 1814 quos
2021 1749 2180 1800 inter-

1210 1825 1504 1880 posnertmt,
1543 1819 1770 1869 inserunt
1793 1819 1942 1878 alios,
1970 1823 2026 1868 ut
2053 1836 2178 1884 pau-

1210 1884 1260 1935 σί
1304 1885 1399 1934 ini·
1433 1887 1685 1936 transitus
1739 1889 1923 1937 munos
1980 1887 2184 1952 gradus

1209 1953 1451 2003 habeant.
1483 1955 1746 2004 Nimirum
1767 1958 1894 2018 quid
1918 1957 1987 2004 ibi
2015 1958 2179 2018 signi·-

1210 2024 1421 2083 ficetur‚
1469 2025 1705 2074 declarat
1746 2026 1978 2073 dilucide
2013 2040 2180 2074 auno-

1210 2094 1341 2141 tatio
1379 2092 1700 2142 Boeckbii
1751 2096 1804 2142 in
1858 2094 1986 2142 edit.
2027 2095 2182 2156 Spal-

1210 2162 1356 2222 ding.
1402 2162 1521 2210 Vol.
1563 2162 1649 2210 iv.
1685 2178 1735 2224 p.
1773 2163 1878 2214 670
1913 2178 1992 2224 sq.
2076 2161 2180 2212 Co·

1212 2231 1486 2292 gitandnm
1527 2240 1609 2278 est
1656 2233 1794 2279 euim
1831 2233 1897 2280 de
1945 2232 2180 2293 quinque

1186 2339 1189 2344 .
1211 2300 1454 2348 terminis
1493 2300 1852 2348 immobilibus
1875 2301 2180 2362 systematis

1212 2369 1343 2429 eius,
1382 2371 1527 2431 quod
1565 2372 1686 2419 inde
1712 2371 1778 2419 ab
1807 2372 2180 2421 Aristoxeneis

1212 2446 1325 2487 erat
1364 2440 1792 2495 usitatissimum,
1831 2440 2026 2502 quibus
2063 2442 2180 2501 qni·

1214 2510 1333 2555 dem
1370 2509 1610 2557 terminis
1648 2509 1740 2557 alii
1781 2510 1898 2556 soni
1939 2508 2180 2572 mobiles,

1210 2591 1307 2640 pro
1338 2579 1536 2627 ,variis
1585 2578 1664 2641 ἰῌί
1721 2579 2006 2640 generibus
2059 2578 2181 2627 har-

1210 2647 1419 2695 moniae
1473 2647 1630 2708 varii,
1683 2648 2180 2710 interponebantur.

1212 2712 1319 2763 Sed
1380 2715 1682 2765 uberiorem
1746 2717 1931 2767 harum
2005 2732 2180 2765 rerum

1210 2784 1455 2833 notitiam
1489 2787 1534 2834 si
1577 2787 1668 2849 qui
1700 2787 1800 2835 sibi
1841 2793 2110 2849 expetant,
2142 2786 2180 2834 ii

1209 2854 1405 2903 adeant
1426 2853 1836 2903 Bullialdum
1874 2858 1942 2905 ad
1972 2856 2177 2905 Theou.

1210 2922 1419 2985 Smyrn.
1467 2938 1517 2985 p.
1555 2923 1672 2976 277.
1711 2931 1766 2971 et
1803 2923 1904 2975 144
1939 2941 2016 2987 sq.
2073 2924 2180 2971 Ni-

1209 2992 1500 3041 comach.
1562 2992 1818 3041 Harmon.
1881 3007 1934 3054 p.
1993 2992 2073 3043 13.
2129 2999 2182 3039 et

1210 3060 1301 3114 39.
1341 3062 1735 3111 Aristoxen.
1775 3076 1827 3123 p.
1865 3059 1950 3111 24.
1988 3060 2074 3113 50.
2113 3060 2182 3111 62

1214 3146 1297 3194 sq.
1350 3137 1401 3178 et
1465 3144 1530 3179 ex
1595 3128 1982 3179 recentioribus
2057 3135 2184 3177 ante

1214 3208 1418 3248 ceteros
1471 3214 1652 3247 omnes
1705 3198 1750 3247 B
1775 3214 1806 3247 o
1831 3214 1858 3247 e
1880 3198 1962 3246 ck
1982 3198 2016 3245 h
2037 3199 2056 3245 i
2075 3212 2110 3244 u
2131 3212 2182 3248 m

1216 3266 1512 3317 Commeat.
1566 3267 1652 3315 De
1701 3268 1879 3315 anima
1931 3267 2180 3315 mundan.

1215 3336 1445 3396 Platon.‚
1483 3351 1618 3398 quae
1646 3337 1850 3384 inserta
1873 3343 1953 3384 est
1975 3334 2182 3385 Studiis

1214 3404 1532 3455 aDaubio
1559 3412 1613 3453 et
1645 3403 1980 3454 Creuzero
2015 3419 2180 3467 quon-

1212 3475 1334 3528 dam
1370 3474 1634 3535 evulgatis
1675 3474 1796 3522 Vol.
1835 3475 1920 3523 ill.
1965 3474 2022 3521 Ρ.
2061 3474 2094 3523 l.
2127 3488 2182 3537 p.

1208 3542 1297 3596 30.
1348 3558 1463 3605 sqq.
1511 3549 1563 3589 et
1609 3542 1690 3592 De
1735 3544 1916 3593 metris
1962 3543 2182 3593 Pindar.

1210 3611 1359 3661 Libr.
1412 3611 1499 3659 lll
1549 3610 1680 3675 Cap.
1733 3613 1782 3665 7.
1821 3630 1870 3677 p.
1911 3612 2016 3665 208
2061 3628 2180 3675 sqq.

1210 3681 1325 3731 Nos
1378 3682 1516 3745 enim
1567 3696 1666 3744 pro
1721 3684 1943 3735 consilio
1998 3690 2182 3731 nostro

1211 3752 1343 3800 satis
1401 3751 1656 3801 babemus
1703 3768 1810 3803 rem
1863 3767 2018 3815 quam
2064 3751 2183 3799 bre·

1213 3820 1431 3869 vissime
1479 3822 1808 3883 exposuisse.
1881 3821 1995 3869 Iam
2036 3834 2180 3877 vero,

1214 3885 1540 3953 πυκνότητος
1609 3893 1818 3941 ratione
1882 3890 2182 3951 explorata,

1212 3960 1369 4009 etiam
1396 3960 1532 4009 illud
1564 3962 1902 4023 perspicuum
1925 3958 2042 4013 fore
2063 3970 2182 4019 spe-

1213 4043 1418 4090 ramus,
1471 4030 1614 4093 quod
1658 4030 1726 4078 ad
1763 4024 2051 4088 μανότητος
2089 4040 2182 4075 na-

1212 4104 1383 4149 turam
1471 4098 1842 4145 declarandam
1929 4094 2178 4157 pertinet.

1211 4154 1361 4216 Haec
1402 4168 1544 4215 enim
1589 4180 1750 4228 quum
1791 4164 1852 4225 τῇ
1899 4159 2182 4225 πυκνότητι

1210 4237 1279 4283 sit
1314 4237 1602 4295 contraria,
1641 4234 1882 4296 profecto
1921 4233 2056 4282 nihil
2088 4248 2182 4296 po-
