2857 4738
847 334 984 399 DE
1019 334 1455 401 ,LEGIBUS
1504 346 1627 401 etc.
1886 399 1897 405 ,
2056 340 2223 403 clx

153 508 434 584 putamus
463 547 488 581 .,
545 511 636 565 ut
689 501 824 567 hoc
873 502 1002 567 tale
1049 525 1216 590 opus
1279 503 1595 576 conderet
1654 504 2127 589 conditumque
2186 532 2225 571 a

155 595 324 651 semet
393 588 574 674 ipso
642 590 774 654 sub
854 588 1068 654 alieno
1131 590 1394 655 nomine
1458 590 1527 654 in
1597 591 1811 655 lucem
1888 592 2221 675 publicam

70 672 76 735 J
155 671 568 757 produceret.
695 672 914 739 Cuius
998 674 1365 739 sententiae
1440 696 1717 741 caussae
1796 688 1865 742 et
1931 678 2221 743 rationes

159 780 330 841 quum
393 758 593 823 aliae
657 759 730 825 iu
793 768 1055 846 promtu
1099 760 1272 843 sint,
1315 770 1459 825 tum
1505 760 1573 826 in
1615 763 1949 848 praesenti
1999 753 2239 829 rursus'

149 842 412 909 eandem
464 867 888 911 memorasse
933 846 1092 911 satis
1125 846 1274 927 erit,
1321 868 1517 931 quam
1549 844 1749 910 modo
1796 845 1878 911 de
1912 847 2219 934 Philippo

147 930 204 993 in
241 929 560 997 medium
607 931 972 996 attulimus.
1065 932 1303 1016 Neque
1339 930 1509 995 enim
1544 931 1763 1017 putari
1809 930 1987 1016 licet,
2035 943 2223 998 tanta

147 1036 344 1165 ‘33:333
389 1016 502 1167 ⁸1³,ss
544 1016 1182 1167 zssz'izffiflssssff
1202 1025 1543 1167 3333?
1588 1016 2221 1173 fisspiiag‘fssssfflffi

155 1124 668 1252 existimatssnis
729 1128 942 1253 adeop
959 1188 1443 1274 negligentem,
1492 1126 1745 1252 allienge
1790 1188 2041 1275 gloriae
2084 1200 2218 1257 tam

155 1272 386 1338 misere
457 1281 830 1356 amantem,
889 1282 966 1337 ut
1023 1271 1366 1349 leviusculi
1450 1272 1733 1338 alicuius
1798 1275 2218 1340 emolumenti

156 1358 246 1421 vel
289 1356 650 1423 commodi
696 1357 912 1443 gratia
953 1368 1166 1423 semet
1207 1358 1424 1445 ipsum
1468 1359 1701 1423 merita
1742 1357 1937 1423 laude
1978 1359 2219 1445 spolia-

155 1453 244 1507 ret
303 1453 382 1508 et
450 1443 634 1530 turpi
679 1443 910 1508 fraude
955 1442 1328 1525 commissa,
1393 1466 1563 1527 quae
1610 1443 1755 1528 ipse
1800 1443 2219 1511 laudabiliter

153 1538 652 1594 commentatus
691 1538 904 1612 esset,
955 1529 1220 1594 clariori
1260 1528 1561 1597 Platonis
1606 1530 1856 1595 nomini
1900 1530 2217 1596 attribue-

151 1625 258 1680 ret-
371 1614 535 1679 Nec
591 1636 748 1679 vero
802 1614 1062 1702 Legum
1119 1636 1288 1701 opus
1345 1615 1431 1679 ab
1488 1614 1634 1680 aliis
1690 1615 2007 1683 continuo
2063 1626 2258 1704 post,

151 1698 552 1785 philosophi
621 1699 878 1766 obitum
933 1698 1196 1765 videtur
1251 1699 1394 1765 eius
1441 1701 1701 1765 nomine
1745 1700 2051 1789 insigniri
2098 1726 2217 1789 po-

152 1786 386 1867 tuisse,
437 1783 817 1851 cuiusmodi
860 1785 1042 1851 fraus
1091 1807 1212 1850 cur
1241 1795 1382 1852 tum
1428 1785 1687 1851 admitti
1730 1809 1864 1852 non
1901 1788 2215 1872 potuerit,

151 1872 276 1937 iam
354 1872 432 1936 iu
495 1869 948 1956 superioribus
1018 1870 1465 1957 significatum
1536 1880 1657 1937 est.
1758 1872 1926 1938 Esse
1996 1881 2218 1939 autem

149 1979 442 2021 errorem
495 1954 580 2020 de
639 1956 783 2022 eius
829 1953 1083 2045 origine
1125 1956 1283 2035 inde
1327 1956 1410 2023 ab
1455 1955 1911 2023 Alexandrina
1954 1956 2247 2026 demum-

152 2051 370 2116 aetate
417 2052 750 2123 exortum,
798 2064 932 2127 qua
973 2050 1235 2107 constat
1275 2041 1633 2121 illustrium
1677 2043 1964 2108 virorum
2008 2043 2216 2109 nomi·-

155 2128 352 2193 nibus
391 2150 620 2214 saepe
679 2126 897 2193 aliena
967 2128 1216 2213 scripta
1271 2149 1418 2197 esse
1476 2128 1859 2215 supposita,
1914 2128 2023 2194 vel
2064 2123 2217 2194 iileo

158 2236 297 2279 uon
331 2223 436 2279 eat
481 2211 826 2297 credibile,
871 2212 1030 2297 quia
1069 2214 1290 2299 Leges
1334 2212 1467 2277 iam
1506 2232 1659 2277 ante
1702 2213 1884 2278 illam
1930 2222 2219 2279 aetatem

155 2298 423 2364 Platoni
469 2298 554 2363 ab
601 2298 858 2365 idoneis
913 2298 1198 2365 testibus
1251 2298 1543 2366 tributae
1599 2306 1801 2382 atque
1860 2311 1937 2363 ut
1978 2299 2216 2363 summi

153 2383 541 2472 philosophi
589 2403 764 2472 opus
807 2383 1176 2452 celebratae
1221 2394 1396 2451 sunt.
1486 2467 1489 2470 ἦ
1724 2427 1731 2432 -

323 2570 585 2636 Verum
631 2569 797 2635 satis
842 2569 1006 2638 haec
1048 2570 1120 2635 in
1169 2569 1550 2644 universum
1595 2566 1679 2634 de
1712 2567 2013 2656 Legibus
2057 2568 2211 2634 Pla-

153 2657 349 2724 tonisz
443 2654 644 2738 Quae
675 2655 732 2722 si
761 2654 848 2720 ad
891 2653 1617 2738 accuratioremoperis
1660 2654 1859 2742 longe
1905 2653 2213 2720 uberrimi

153 2741 666 2832 intelligentiam
736 2739 1035 2808 nonnihil
1099 2739 1318 2815 valere
1373 2737 1671 2804 iudicata
1740 2738 2051 2821 fuerint„
2090 2739 2210 2804 im-

154 2852 353 2918 pense
397 2826 833 2906 laetabimur3
883 2827 987 2891 sin
1033 2825 1276 2909 minus,
1321 2824 1479 2891 boni
1508 2825 1742 2892 saltem
1768 2824 2028 2892 consilii
2053 2845 2208 2891 con-

153 2915 427 2984 scientia
476 2912 805 2980 exantlati
847 2910 1094 2978 laboris
1135 2909 1654 2998 magnitudinem
1699 2909 2168 2976 consolabitur.

309 3068 583 3171 Scripsi
657 3066 746 3131 Li
793 3064 938 3138 ,iae
995 3064 1064 3128 in
1121 3062 1368 3132 Schola
1436 3061 1781 3129 Thomana
1842 3060 1950 3125 die
2008 3056 2209 3126 xlx.

157 3182 224 3224 m.
265 3156 536 3248 Aprilis
581 3151 740 3221 MD
807 3147 1126 3236 CCLIX.

1405 3332 1525 3406 G.
1572 3283 2120 3402 Stallhanm.
