2857 4738
637 325 1037 395 xxxvnl
1285 287 2019 394 PROLEGOMRNA

635 495 886 564 indoles
945 508 1142 581 atque
1201 507 1476 578 natura,
1538 506 1855 580 quantum
1916 494 2001 560 ad
2058 493 2547 580 disputationis
2589 495 2687 558 in-

637 584 908 649 stitutae
982 583 1272 647 rationes
1337 583 1497 648 satis
1566 583 1711 647 fuit.
1848 582 2017 646 Nam
2112 581 2687 664 Lacedaemonius

643 667 912 752 quidem
961 667 1372 755 vMegillus
1432 668 1625 752 plane
1692 668 1890 733 refert
1928 689 2141 734 mores
2189 668 2476 753 patrios.
2569 667 2693 730 Est

637 755 810 821 enim
858 755 1106 840 patriae
1153 775 1310 818 suae
1356 753 1861 820 amantissimus.
1952 753 2428 835 Quamobrem,
2482 775 2690 837 quan-

637 850 776 906 tum
830 841 973 906 fieri
1017 848 1238 924 potest
1252 855 1282 922 ‚‘
1333 841 1581 926 patrias
1628 839 1831 926 leges,
1875 839 2123 926 patrios
2166 861 2424 922 mores,
2472 839 2692 924 patria

517 969 528 976 -
637 928 937 993 instituta.
997 926 1240 1007 ubique
1295 924 1559 1005 laudat,
1616 925 1907 992 defendit
1951 948 2026 990 ac
2070 935 2327 1003 tuetur3
2387 949 2451 990 v.
2502 925 2687 991 Libr.

638 1014 691 1077 Ι.
748 1035 811 1098 p.
860 1013 983 1076 636
1029 1032 1174 1096 sqq.
1261 1010 1391 1074 Est
1431 1012 1584 1076 item
1630 1009 1969 1078 studiosus
2012 1021 2283 1097 argutae
2330 1033 2691 1076 nervosae-

641 1121 768 1183 que
827 1097 1390 1180 breviloquentiae
1464 1099 1570 1181 (v.
1636 1097 1821 1160 Libr.
1881 1096 1931 1163 Ι.
1992 1122 2055 1182 p.
2120 1098 2305 1180 641.)
2382 1095 2689 1180 adeoque

647 1185 858 1249 utitur
920 1183 1120 1250 etiam
1175 1182 1455 1247 subinde
1502 1183 1795 1248 formulis
1838 1182 2151 1270 loquendi
2197 1193 2401 1266 atque
2450 1181 2689 1246 dictio-

642 1271 836 1337 nibus
867 1268 1242 1351 LaoonieiS‚
1289 1268 1445 1333 utI.
1492 1293 1557 1354 p.
1602 1271 1746 1335 626.
1792 1266 1869 1332 C.
1898 1271 2043 1334 642.
2082 1267 2159 1333 C.
2205 1293 2265 1333 v.
2316 1267 2691 1332 Boeckh:

642 1357 684 1420 l.
737 1379 794 1420 o.
840 1369 906 1441 p.
955 1357 1056 1420 70.
1144 1354 1496 1420 Praeterea
1536 1355 1804 1422 excellit
1844 1355 2089 1420 maiore
2134 1353 2427 1439 quadam
2470 1376 2685 1418 rerum

643 1442 996 1530 patriarum
1025 1441 1330 1526 «peritia,
1413 1451 1495 1509 ut
1542 1440 1805 1507 omnino
1862 1441 2251 1524 neutiquam
2306 1441 2687 1506 incuriosus

644 1536 787 1597 esse
848 1526 1152 1595 videatur
1206 1549 1423 1592 rerum
1479 1527 1787 1592 civilium.
1889 1525 2317 1612 Quapropter
2376 1526 2511 1612 ipsi
2556 1547 2687 1590 me-

641 1615 767 1679 rito
811 1622 1032 1698 partes
1089 1611 1350 1678 dicendi
1395 1612 1743 1698 primariae
1786 1612 2265 1694 attribuuntur,
2330 1611 2551 1678 sicubi
2608 1610 2688 1675 de

643 1701 840 1768 rebus
899 1696 1566 1763 Lacedaemoniorum
1638 1697 2094 1786 explicandum
2142 1709 2272 1762 ⁸est.
2404 1694 2688 1762 Accedit

647 1788 799 1866 huo,
844 1783 1044 1866 quod,
1091 1807 1291 1868 quum
1339 1785 1426 1858 sit
1470 1807 1685 1848 rerum
1717 1785 2073 1870 patriarum
2118 1781 2681 1861 studiosissimus,

545 1879 550 1884 “
644 1886 862 1951 tamen
909 1871 1066 1938 item
1142 1870 1412 1934 aliarum
1470 1869 1809 1936 civitatum
1880 1871 2053 1936 bona
2124 1870 2319 1954 aequi
2391 1869 2683 1952 bonique

647 1957 964 2024 aestimat.
1082 1953 1410 2040 Imprimis
1486 1979 1643 2022 vero
1710 1956 1797 2022 de
1885 1955 2409 2030 Atheniensibus
2480 1954 2687 2022 sentit

645 2039 1336 2123 honorificentissime,
1394 2065 1671 2126 quorum
1734 2042 2047 2106 virtutem
2123 2041 2321 2126 plane
2392 2037 2683 2106 'divinam

643 2127 990 2217 profitetur
1041 2127 1170 2192 iam
1217 2126 1370 2192 inde
1414 2151 1455 2192 a
1495 2128 1705 2214 prima
1746 2128 2029 2214 pueritia
2086 2150 2231 2194 sese
2289 2127 2681 2194 admiratum

641 2237 809 2298 esse,
857 2209 1386 2299 quandoquidem
1452 2215 1735 2279 maiores
1800 2215 1898 2280 sui
1954 2237 2103 2287 cum
2163 2213 2683 2281 Atheniensibus

641 2300 1113 2389 hospitalitatis
1154 2300 1418 2365 vinculo
1462 2299 1793 2366 coniuncti
1848 2300 2112 2366 fuerint.
2159 2325 2217 2364 v.
2269 2301 2459 2366 Libr.
2506 2301 2560 2362 1.
2618 2323 2679 2385 p.

647 2392 791 2453 642.
859 2388 938 2452 Β.
996 2410 1094 2471 sq.
1151 2390 1376 2472 Atque
1440 2398 1523 2451 e'x
1579 2388 1703 2453 hoc
1745 2398 2079 2472 postremo
2123 2386 2443 2471 imprimis
2489 2385 2680 2451 etiam

647 2475 894 2539 clarum
954 2472 1032 2534 fit
1087 2494 1166 2535 ac
1230 2474 1681 2558 perspicuum.
1756 2496 1873 2538 our
1946 2483 2081 2537 tam
2153 2474 2461 2540 lubenter
2536 2494 2677 2535 oum

648 2558 1039 2624 Atheniensi
1098 2555 1179 2620 de
1233 2558 1431 2621 rebus
1500 2558 1587 2621 ad
1654 2558 2121 2644 rempublicam
2192 2557 2677 2643 pertinentibus

647 2644 1138 2711 sermocinetur.
1239 2644 1475 2727 Itaque
1534 2644 1728 2708 huius
1790 2643 2053 2729 quidem
2121 2668 2333 2709 mores
2406 2657 2679 2731 apparet

648 2731 810 2795 satis
865 2737 1140 2793 venuste
1219 2751 1563 2813 expressos
1622 2750 1801 2812 esse,
1876 2740 1952 2796 ut
2021 2730 2137 2808 ad,
2169 2730 2419 2817 dialogi
2477 2738 2676 2795 artem

650 2817 760 2881 vix
807 2813 1170 2898 quidquam
1213 2812 1568 2881 desideres.

819 2903 921 2967 Ao
963 2900 1257 2965 similiter
1302 2901 1499 2967 etiam
1545 2900 1882 2967 Cliniae
1924 2901 2259 2968 Cretensis
2302 2898 2675 2988 depingitur

646 2986 902 3071 indoles
959 2997 1023 3051 et
1080 2988 1437 3073 ingenium.
1554 2983 1676 3054 Est
1734 2989 1903 3053 enim
1960 2990 2069 3075 ille
2104 3009 2109 3014 ·
2140 2988 2207 3052 in
2276 2986 2675 3073 reipublicae

649 3073 1211 3139 administratione
1271 3093 1510 3159 magna
1566 3097 1713 3139 oum
1772 3064 1963 3143 lande
2007 3083 2307 3153 versatus
2354 3084 2422 3137 et
2464 3090 2673 3136 rerum

647 3159 935 3225 civilium
993 3178 1304 3246 perquam
1365 3160 1724 3227 studiosae.
1826 3158 2265 3241 Quamobrem
2319 3184 2363 3223 a
2424 3156 2672 3224 civibus

646 3246 786 3310 suis
848 3245 914 3310 id
974 3246 1224 3332 negotii
1282 3246 1661 3312 mandatum
1732 3247 2019 3333 accepit,
2094 3256 2169 3311 ut
2222 3245 2547 3311 coloniam
2608 3240 2671 3303 in

647 3330 1042 3416 Magnetum
1076 3343 1320 3397 terram
1365 3331 1655 3397 deducat
1712 3334 1987 3417 eiusque
2017 3332 2314 3397 coloniae
2344 3330 2671 3397 civitatem

648 3416 1028 3481 constituat.
1137 3417 1469 3503 Imprimis
1514 3428 1729 3484 tamen
1772 3442 1989 3485 rerum
2036 3418 2392 3505 patriarum
2434 3433 2671 3503 gnarus

652 3511 790 3583 est,
838 3499 1010 3565 unde
1060 3502 1240 3567 Libr.
1289 3502 1345 3567 Ι.
1387 3528 1455 3591 p.
1498 3507 1647 3570 626.
1713 3505 1792 3571 Β.
1850 3504 2221 3591 appellatur
2278 3506 2493 3579 καλῶς
2572 3522 2669 3582 γε·

647 3594 1112 3670 γυμνασμένος
1167 3588 1337 3670 πρὸς
1408 3589 1486 3653 τὸ
1548 3594 1863 3655 διειδέναι
1904 3598 1987 3655 τά
2043 3593 2333 3671 Κρητῶν
2402 3586 2666 3671 νόμιμα.

648 3672 795 3737 Neo
868 3680 1084 3737 tamen
1159 3672 1262 3739 his
1315 3674 1465 3741 unis
1516 3673 1613 3739 ita
1686 3675 1897 3755 favet,
1960 3684 2035 3741 ut
2094 3676 2305 3741 aliena
2360 3672 2665 3761 negligat.

536 3765 541 3771 '
647 3758 790 3825 Imo
847 3782 978 3843 quo
1034 3759 1241 3825 maius
1303 3769 1404 3824 est
1461 3783 1694 3825 munus
1752 3762 1877 3846 ipsi
1925 3786 1963 3826 a
2014 3762 2265 3827 civibus
2314 3762 2451 3827 suis
2496 3778 2667 3823 man-

650 3844 909 3927 datum,
969 3852 1150 3919 tanto
1210 3846 1453 3909 maiore
1529 3846 1746 3911 studio
1810 3848 1891 3913 ab
1966 3848 2359 3914 Atheniensi
2418 3841 2664 3928 hospite

650 3931 874 3997 andire
931 3940 1114 4013 avet,
1177 3931 1345 4015 quid·
1389 3931 1499 3997 ille
1548 3931 1627 3997 de
1674 3932 1959 3999 civitatis
2006 3958 2201 4019 quam
2248 3927 2665 4021 praestantis·

651 4018 852 4083 simae
911 4014 1290 4083 condendae
1351 4020 1601 4083 ratione
1661 4019 1915 4085 sentiat.
2024 4020 2461 4103 Quamobrem
2508 4011 2664 4077 adeo

650 4126 783 4167 non
853 4104 970 4169 fati
1021 4112 1167 4171 atur
1224 4102 1416 4169 huius
1476 4107 1919 4189 sermonibuS,
1992 4117 2065 4171 ut
2124 4108 2224 4171 vel
2286 4103 2485 4169 finitis
2542 4096 2661 4161 illis

645 4198 936 4255 extremo
975 4128 1164 4255 'libro
1219 4190 1607 4259 duodecimo
1654 4215 1797 4257 eum
1845 4193 2033 4258 enixe
2078 4202 2305 4279 roget,
2353 4188 2507 4253 velit
2548 4180 2661 4248 sibi
