2857 4738
414 347 545 414 DE
592 345 1009 442 LEGIBUS
1056 349 1235 416 Lm.
1286 347 1446 441 vu.
1499 349 1575 414 Ρ.
1623 351 1768 414 81⁶2.
1805 328 1913 416 st.

164 521 269 574 cari
326 521 505 573 debet.
586 521 717 574 Nam
760 523 1141 574 Macrobius

163 591 376 656 quidem
426 607 519 642 sua
568 606 595 642 a
646 593 903 644 Seneca
962 600 1140 644 mutua

164 661 383 724 sumsit,
436 669 495 712 ut
546 676 679 725 quae
724 663 789 712 de
842 662 1141 728 hoc-expo·-

166 733 262 782 sita
306 740 451 794 sunt,
483 747 543 781 ea
581 735 735 782 etiam
769 735 816 781 in
854 733 993 782 illum
1017 747 1142 783 con-

166 802 395 850 veniant.
469 801 921 851 Cassiodorus
964 811 1139 851 autem

165 871 311 932 quod
351 870 711 934 symphoniam
764 880 918 920 vocat
955 878 1142 938 tempe-

164 945 452 990 ramentum
488 939 681 990 sonitus
716 939 898 1006 grauis
919 939 991 991 ad
1017 957 1140 990 acu-

168 1014 297 1069 tum,
333 1011 415 1059 vel
450 1007 591 1059 acati
622 1009 696 1060 od
741 1024 981 1074 gravem,
1030 1026 1137 1060 mo·

166 1077 411 1128 ducamen
462 1077 708 1142 efficiens,
764 1077 867 1128 sive
919 1079 971 1127 s‘n
1020 1095 1143 1128 voce

169 1145 277 1197 sive
312 1149 365 1196 in
400 1146 719 1212 percussione
752 1147 859 1217 sg'oe
902 1147 957 1197 in
980 1151 1141 1212 flatu,

174 1219 309 1267 satis
346 1221 445 1266 erit
482 1218 545 1266 ad
570 1219 957 1282 intelligendam
985 1218 1145 1283 ipsius

170 1288 487 1336 sententiam
542 1303 604 1336 ea
655 1289 954 1350 recordari,
1010 1302 1147 1352 quae

170 1363 330 1406 antea
376 1355 443 1406 de
492 1357 840 1420 symphoniae
900 1362 954 1405 et
1011 1358 1144 1406 anti·

170 1425 404 1492 plioniae
450 1425 497 1474 vi
546 1432 600 1476 et
647 1435 827 1477 natura
883 1433 1005 1476 suut
1054 1441 1145 1483 ex-

172 1495 367 1562 posita.
450 1493 561 1545 Nec
598 1509 723 1546 vero
762 1496 1028 1561 negotium
1065 1497 1148 1544 fa-

174 1565 342 1614 cessit
379 1563 841 1628 Ptolomaeus,
889 1567 975 1630 qui
1013 1581 1148 1630 quae

174 1640 358 1686 narrat
406 1634 473 1684 de
522 1635 683 1684 variis
720 1649 963 1686 sonorum
1003 1651 1143 1686 com·

174 1703 539 1771 plicationibus
592 1719 873 1769 earumque
929 1705 1147 1757 nomini-

175 1776 305 1834 bus,
357 1789 416 1822 ea
464 1773 767 1837 neutiquam
810 1773 1152 1824 adversantur

174 1844 227 1892 ei
268 1844 599 1904 sententiae„
654 1857 807 1906 quam
866 1843 1151 1896 defenden-

176 1913 298 1962 dam
376 1912 727 1976 tuendamque
802 1916 1149 1977 suscepimus.

174 1982 321 2034 Quin
355 1995 421 2031 ne
457 1981 764 2032 matonis
798 1982 1004 2046 quidem
1037 1997 1151 2034 ver·

178 2052 245 2100 ba
292 2050 461 2114 Legg.
502 2051 573 2100 11.
620 2068 671 2117 p.
706 2052 825 2106 669.
864 2052 924 2102 C.
967 2054 1026 2102 l).
1066 2051 1153 2102 ubi

176 2121 468 2168 disseritur
504 2119 570 2172 de
605 2125 745 2172 varia
785 2137 848 2171 ac
880 2121 1155 2184 multiplici

179 2203 371 2240 vocum
446 2195 499 2238 et
554 2205 798 2242 sonorum
881 2192 1153 2250 mixtione,

178 2273 319 2323 quae
342 2259 571 2322 graviter
594 2260 995 2325 reprehenditur,
1023 2273 1157 2310 nunc

178 2328 429 2379 videntur
473 2332 784 2391 peculiarem
838 2331 933 2380 sibi
991 2329 1154 2393 depo-

180 2412 339 2448 scere
384 2403 795 2459 enarrationem,
846 2415 1153 2464 qilamquam

180 2470 249 2517 de
296 2469 423 2517 loco
468 2468 553 2519 illo
602 2484 851 2535 perquam
900 2484 1155 2520 mentera-

181 2538 271 2587 bili
312 2537 417 2586 alio
457 2543 695 2601 tempore
740 2539 1027 2590 accuratius
1076 2538 1149 2586 di·

182 2612 403 2670 sputare
442 2608 579 2671 apud
616 2608 842 2659 animum
888 2608 1153 2659 constitui-

182 2690 322 2727 mus.
393 2676 580 2740 Itaque
635 2676 709 2727 liis
771 2680 845 2727 ita
910 2678 1160 2741 expositis

183 2745 481 2795 clarissime
520 2752 765 2811 apparet,
812 2748 1023 2814 opinor,
1072 2762 1157 2795 ve-

188 2829 309 2865 rum
350 2830 467 2865 esse
516 2818 653 2880 qiiod
703 2825 853 2867 antea
904 2816 1156 2867 iudicari·

188 2898 325 2941 mus,
361 2886 555 2934 nullum
600 2901 814 2951 usquam
859 2888 911 2936 in
951 2886 1157 2951 scriptis

184 2960 427 3003 veterum
470 2956 641 3005 locum
683 2957 912 3021 reperiri,
956 2971 1017 3007 ex
1052 2970 1157 3018 quo

184 3030 338 3073 certo
377 3025 549 3087 possit
586 3024 961 3089 demonstrari,
1018 3031 1160 3075 vete-

186 3092 333 3142 ribus
385 3092 605 3165 Graecis
653 3102 705 3143 et
761 3095 1013 3145 Romanis
1068 3095 1158 3144 ali·

186 3162 311 3225 quid
349 3162 420 3211 >de
456 3166 669 3215 nostrae
693 3162 995 3215 harmoniae
1031 3169 1163 3225 arte,

186 3234 399 3295 quatem
446 3239 598 3282 antea
623 3232 1014 3299 descripsimus,
1043 3220 1163 3281 sub-

187 3302 411 3353 oluisse.
486 3300 598 3352 Nec
636 3316 759 3353 vero
798 3320 859 3355 ea
896 3318 981 3354 res
1017 3302 1165 3353 nobis

184 3378 296 3420 tam
340 3370 468 3420 mira
507 3370 738 3435 videtur,
785 3372 938 3437 q'uam
992 3373 1164 3423 multis

186 3440 300 3489 visa
352 3446 453 3490 est.
528 3440 683 3492 Quod
730 3442 867 3494 enim
930 3442 1164 3506 plerique

191 3523 381 3559 omues
424 3506 753 3561 veliementer
801 3512 975 3564 mirati
1024 3515 1162 3573 sunt,

188 3586 353 3643 atque
390 3578 687 3631 etiamnunc
710 3596 869 3646 saepe
896 3581 1163 3642 mirantur,

188 3648 336 3711 quod
373 3646 597 3711 Graeci,
642 3665 803 3712 quum
840 3650 889 3699 in
928 3649 1043 3700 aliis
1081 3664 1166 3699 ar·

188 3717 335 3767 tibus
395 3717 687 3769 incredibili
757 3734 920 3786 paene
979 3718 1167 3784 ingenii

188 3787 432 3838 sollertia
472 3790 916 3851 praestantissima
964 3794 1018 3839 et
1054 3804 1169 3854 per·

188 3855 490 3907 fectissima
528 3873 690 3921 opera
747 3858 1046 3920 effecerint,
1095 3865 1172 3907 ta·

190 3941 313 3975 men
353 3925 404 3975 in
444 3924 785 3989 pulcherrima
828 3933 883 3979 et
914 3926 1172 3977 humanis-

192 3997 331 4045 sima
384 4002 529 4057 arte,
580 3996 663 4045 cui
709 3996 953 4061 al»·ipsis
1008 3996 1174 4046 Musis

192 4079 389 4115 nomen
438 4073 534 4121 est,
570 4073 673 4116 tam
719 4082 900 4132 parum
933 4064 1170 4131 profece-

194 4136 320 4195 rint,
363 4139 423 4183 ut
460 4148 625 4199 paene
660 4136 819 4186 rudes
864 4150 927 4187 ac
965 4134 1171 4185 barbari

192 4204 459 4253 mansisse
523 4204 822 4266 videantur;
898 4220 1046 4269 quam
1104 4202 1175 4253 illi

192 4272 495 4323 barbariem
547 4282 602 4323 et
658 4273 916 4325 feritatem
972 4274 1171 4334 dicunt,

266 4378 409 4430 Ptat.
452 4378 588 4443 opp.
627 4378 745 4428 Vol.
785 4376 849 4429 X.
897 4376 1040 4426 Sect.
1083 4376 1144 4425 ll.

2091 317 2214 415 353

1242 523 1434 574 Graeci
1503 525 1604 589 ipsi
1667 525 1896 576 fortasse
1963 531 2210 590 tanquan

1243 593 1480 644 cultioris
1533 601 1589 644 et
1636 593 1936 652 eruditioris
1971 595 2211 645 humani-

1244 665 1369 712 tatis
1425 669 1784 726 argumentum
1860 663 2210 728 praedicaturi
2293 689 2298 694 ·

1245 739 1440 794 essent,
1479 734 1712 784 miraturi
1735 731 1968 783 vicissim
1997 738 2215 784 nostrae

1244 801 1546 852 barmoniae
1584 816 1740 857 insum
1777 808 1833 852 et
1879 801 2213 852 consuetudi-

1248 887 1382 920 nem.
1464 870 1714 922 Nimirum
1777 873 2065 922 tribueruut
2137 871 2214 922 illi

1246 941 1452 1000 curnis,
1498 941 1544 989 si
1591 941 1710 1003 quid
1762 940 1987 992 iudicare
2023 953 2214 1006 possu-

1244 1025 1391 1071 mus,
1444 1009 1530 1059 uni
1577 1010 1904 1076 potissimum
1954 1011 2215 1062 melodiae

1243 1081 1598 1144 praestantiae
1647 1095 1708 1130 ac
1755 1081 1960 1141 virtuti,
2015 1081 2064 1130 iu
2113 1094 2215 1144 qua

1244 1149 1617 1199 conformanda
1685 1157 1845 1213 atque
1904 1147 2218 1216 perficienda

1245 1219 1380 1268 adeo
1424 1215 1794 1282 elaborarunt,
1855 1227 1915 1270 ut
1969 1233 2216 1270 sonorum

1246 1295 1496 1351 tauquam
1549 1288 1802 1339 flexiones
1861 1295 1915 1340 et
1973 1287 2216 1340 modera-

1248 1360 1422 1407 tiones
1459 1359 1622 1408 multo
1659 1357 1936 1408 videantur
1969 1359 2222 1408 habuisse

1248 1428 1446 1477 nostris
1469 1427 1774 1489 liberiores3
1810 1427 1862 1476 id
1883 1427 2023 1492 quod
2061 1427 2218 1478 etiam

1250 1511 1314 1548 ex
1372 1512 1435 1545 eo
1480 1495 1694 1561 intelligi
1741 1497 1896 1556 licet,
1951 1495 2092 1560 quod
2140 1501 2218 1546 te-

1250 1566 1502 1616 nuissima
1549 1579 1794 1629 quaeque
1838 1575 2000 1631 atque
2049 1572 2220 1618 tener-

1250 1635 1379 1686 rima
1426 1649 1608 1685 vocum
1661 1634 1956 1687 discrimina
1997 1635 2220 1686 admira·

1248 1705 1339 1754 bili
1380 1705 1673 1756 subtilitate
1710 1707 1882 1757 rimati
1921 1721 2040 1756 esse
2063 1705 2219 1756 sedu-

1254 1777 1410 1836 loque
1449 1775 1495 1823 iu
1535 1776 1652 1838 ipso
1701 1784 1855 1826 cantu
1907 1775 2222 1826 observasse

1254 1845 1598 1907 reperiuntur.
1639 1843 1922 1896 Hancvero
1937 1845 2219 1896 carminum
2247 1839 2254 1852 '

1254 1913 1566 1964 uuisicorum
1615 1919 1668 1964 et
1717 1913 2112 1966 'condendorum
2170 1920 2225 1964 et

1256 1979 1636 2032 fundendorum
1689 1985 1952 2049 egregiam
2007 1983 2217 2034 liberta·-

1252 2060 1394 2111 tem‚
1443 2067 1506 2100 ex
1551 2067 1651 2114 qua
1702 2067 1800 2102 una
1837 2054 2004 2102 omnis
2036 2059 2218 2101 cantus

1258 2120 1632 2186 perfectionem
1707 2129 1762 2170 et
1830 2121 2215 2171 absolutionem

1258 2196 1427 2254 aptam
1481 2205 1543 2238 ac
1585 2204 1892 2256 suspensam
1947 2205 2068 2240 esse
2121 2203 2218 2254 pu-

1258 2265 1456 2316 tarunt,
1517 2273 1620 2322 quo
1655 2259 1892 2323 ‘facilius
1950 2264 2220 2309 tuerentur

1258 2329 1553 2393 certiusque
1577 2330 1882 2393 retinerent,
1907 2345 1969 2380 ue
1987 2329 2219 2381 voluisse

1254 2396 1466 2463 quidem
1503 2398 1834 2449 existimandi
1871 2406 1988 2450 sunt
2019 2394 2218 2463 aliquid

1257 2468 1488 2519 invenire
1519 2475 1616 2518 aut
1647 2472 1906 2521 excolere.
1943 2468 2084 2533 quod
2106 2468 2221 2520 har-
2271 2466 2276 2469 ’

1258 2538 1470 2587 maniae
1513 2544 1726 2590 nostrae
1783 2546 1925 2589 esset
1981 2552 2076 2602 par
2129 2542 2222 2587 aut

1258 2606 1542 2657 consimile.
1593 2608 1809 2672 Quippe
1847 2610 2012 2657 sensit
2047 2608 2224 2671 utique

1256 2691 1387 2739 gens
1437 2674 1836 2739 humanissima,
1882 2678 1928 2727 id
1982 2675 2122 2741 quod
2170 2678 2222 2726 iu

1258 2747 1372 2809 ipsa
1400 2747 1474 2795 rei
1499 2754 1685 2797 natura
1709 2748 1932 2813 positum
1969 2756 2066 2809 est,
2101 2760 2222 2796 con-

1260 2816 1456 2865 tinuam
1505 2815 1658 2867 istam
1707 2818 1996 2868 iuncturam
2057 2816 2227 2881 dispa-

1260 2886 1388 2934 rium
1431 2899 1654 2945 vocum,
1703 2900 1920 2949 quarum
1961 2900 2226 2949 unaquae-

1263 2970 1363 3016 que
1412 2969 1558 3003 suam
1607 2956 1705 3005 sibi
1760 2955 2018 3019 propriam
2069 2952 2228 3005 habe·

1264 3032 1342 3073 ret
1367 3024 1796 3085 modulationem,
1833 3031 2077 3089 tanquam
2117 3022 2228 3071 vin·

1263 3095 1378 3143 cula
1416 3094 1625 3143 iniicere
1663 3093 1894 3157 primarii
1933 3101 2116 3142 cantus
2165 3090 2226 3140 li·

1265 3163 1476 3225 bertati,
1501 3163 1722 3227 ideoque
1743 3163 1877 3213 illam
1891 3165 2066 3227 potius
2079 3175 2228 3224 sper·

1264 3230 1485 3283 nendum
1523 3247 1672 3296 quam
1723 3230 1851 3283 lianc
1889 3229 2226 3295 amittendam

1266 3302 1486 3352 censuit.
1539 3301 1698 3354 Quod
1718 3302 1836 3365 quis
1863 3307 1959 3359 est,
1997 3300 2084 3364 qui
2109 3300 2228 3349 bar-

1265 3370 1446 3421 bariae
1472 3372 1668 3440 scilicet
1697 3372 1865 3432 istius,
1901 3386 2052 3435 quam
2083 3368 2232 3420 multi

1263 3448 1495 3503 crepant,
1534 3439 1780 3491 indicium
1821 3456 1942 3491 esse
1972 3446 2136 3504 putet,
2169 3452 2235 3489 ac

1263 3524 1365 3559 non
1404 3511 1576 3575 [notius
1611 3526 1709 3574 pro
1748 3518 2060 3573 argumento
2085 3522 2237 3561 sum-

1266 3594 1382 3629 mae
1441 3578 1775 3631 humanitatis
1823 3586 1874 3627 et
1923 3578 2235 3631 eruditionis

1269 3646 1468 3697 ducat?
1505 3650 1683 3713 ltaque
1706 3650 1808 3700 illis
1835 3648 2122 3700 iustissima
2145 3662 2238 3698 ve·-

1270 3719 1580 3779 rissimaque
1624 3720 1690 3769 de
1713 3734 1894 3769 caussa
1933 3726 2115 3771 cantus
2141 3732 2234 3781 per

1270 3786 1625 3851 harmoniam,
1674 3790 1782 3839 sive
1819 3788 2097 3853 figuratus,
2134 3786 2236 3835 fait

1274 3856 1717 3921 simplicissimus,
1770 3858 1889 3909 licet
1942 3856 2236 3917 neutiquam
2331 3899 2341 3915 ,

1276 3934 1380 3976 tam
1421 3927 1588 3989 iners,
1633 3944 1786 3995 quam
1830 3928 1976 3976 multi
2019 3932 2236 3988 putave—

1278 4003 1414 4055 runt,
1455 4012 1623 4062 neque
1645 3997 1932 4049 mirandum
1963 4002 2061 4053 est,
2091 3992 2232 4054 quod

1272 4064 1324 4114 in
1362 4064 1460 4116 hoc
1494 4070 1619 4118 artis
1651 4081 1842 4131 genere
1869 4064 2120 4114 minorem
2157 4064 2230 4111 vi-

1274 4132 1462 4185 dentur
1499 4134 1700 4187 laudem
1743 4132 1932 4197 ingenii
1967 4132 2237 4183 consecuti

1274 4218 1423 4266 esse,
1470 4220 1624 4269 quam
1674 4219 1806 4268 quae.
1853 4202 2042 4252 nostris
2076 4202 2236 4264 artili-

1274 4272 1417 4322 cibus
1457 4289 1519 4324 eo
1556 4274 1764 4325 nomine
1792 4274 1948 4336 vulgo
1972 4272 2233 4322 tribuitur.

1749 4360 1829 4421 23
