2857 4738
645 335 729 397 32
1379 329 1953 401 PLATONIS

647 508 849 591 τύχας
901 504 1052 575 οἷον
1105 507 1275 595 πρὸς
1329 507 1565 595 ὑψὴλὸι
1620 514 1729 573 καὶ
1782 508 2051 587 ἀνάντη
2100 506 2443 592 δαιμόνων
2488 504 2711 571 niv-92·

643 614 984 692 σταμένων
1039 615 1168 677 τισι
1221 612 1555 694 πράξεσιν,
1591 612 1871 691 ἐλπίζειν
1918 606 1986 675 δ’
2046 607 2151 674 ἀεὶ
2196 620 2352 683 -τοῖς
2403 632 2477 686 γε
2532 606 2715 687 ἁγα-

649 714 842 777 θοῖσι
895 708 1017 777 τὸν
1073 708 1247 779 θεὸν
1293 708 1338 777 ἃ
1395 716 1719 797 δωρεῖται,
1753 709 1977 778 πόνων
2025 714 2149 793 μὲν
2200 704 2713 775 ἐπιπιπτόντων

525 834 584 897 D
645 810 800 877 α’ντὶ
850 812 1170 897 μειζόνων
1227 811 1549 890 ἐλάττους
1601 810 1901 893 ποιήσειν
1954 814 2088 877 τῶν
2140 810 2198 874 τ’
2260 800 2348 875 αὖ
2404 812 2533 873 νῦν
2574 834 2711 873 πα-

645 912 904 997 ρόντων
959 918 1060 979 ἐπὶ
1115 910 1190 981 τὸ
1245 917 1509 996 βέλτιον
1558 912 1956 999 μεταβολάς,
1988 914 2133 998 περὶ
2202 909 2411 978 δὲτὰ·
2444 906 2708 990 ἀγαθὰ
2774 951 2783 964 ·

641 1012 728 1079 τὰ
783 1019 1054 1081 ἐναντία
1111 1013 1368 1081 τούτων
1425 1016 1527 1081 ἀεὶ
1581 1014 1785 1081 πάντ’
1826 1014 2059 1089 αὐτοῖς
2092 1009 2713 1097 παραγενήσεσθαι

640 1112 790 1198 μετ’
853 1112 1139 1195 ἀγαθῆς
1192 1116 1414 1201 τύχης.
1471 1116 1745 1195 ταύταις
1776 1114 1857 1196 δὴ
1904 1128 2050 1191 ταῖς
2104 1118 2357 1181 ἐλπίσιν
2408 1118 2711 1191 ἕκαστον

636 1214 764 1300 χρὴ
821 1218 942 1297 ζῆν
994 1222 1102 1283 καὶ
1155 1230 1303 1295 ταῖς
1353 1216 1765 1303 ὑπομνήσεσι
1817 1216 2092 1283 πάντων
2160 1219 2297 1281 τῶν
2350 1212 2709 1289 τοιούτων,

638 1320 844 1399 μηδὲν
915 1316 1350 1407 φειδόμενον,
1421 1316 1571 1387 ἀλλ’

1654 1319 1759 1385 ἀεὶ
1827 1318 2001 1384 κατά
2091 1341 2158 1383 τε
2232 1312 2511 1393 παιδιὰς
2582 1318 2710 1380 καὶ

641 1416 940 1499 σπουδας
985 1418 1583 1505 ἀναμιμνήσκοντα
1616 1418 1841 1506 ἕτερόν
1886 1444 1956 1485 τε
2006 1444 2117 1483 και
2156 1413 2405 1483 ἑαυτὸν
2438 1419 2706 1503 σαφῶς.

796 1516 962 1612 Cap.
1021 1516 1106 1585 V.
1215 1510 1364 1587 Νῦν
1417 1512 1539 1589 οὖν
1584 1518 1663 1601 δὴ
1736 1544 1879 1606 περι
1945 1523 2066 1606 μὲν
2132 1515 2709 1603 ἐπιτηδευμάτων,

645 1616 758 1687 οἷα
807 1619 935 1705 χρὴ
985 1620 1445 1699 ἐπιτηδεύειν,
1474 1648 1583 1688 και
1640 1624 1787 1705 περὶ
1856 1621 2070 1687 αὐτοῦ
2124 1618 2443 1689 ἑκάστου,

2494 1616 2711 1685 ποῖόν

545 1742 599 1807 Ε
647 1746 797 1789 τινα
848 1718 1060 1806 χρεών
1117 1722 1303 1798 εἶναι,
1334 1726 1627 1789 λέλεκται
1680 1719 1915 1809 σχεδὸν
1964 1718 2091 1788 ὅσα
2150 1717 2316 1787 θεῖοί
2372 1730 2553 1785 ἐστι’
2618 1719 2703 1785 τα

782 1922 921 1969 τοῖς
965 1934 1036 1981 γε
1090 1920 1451 1985 ἀγαθοῖσι]
1492 1918 1582 1969 Sic
1621 1922 1687 1969 A.
1726 1916 1791 1969 Β.
1828 1921 1865 1969 f.
1903 1920 1956 1972 h.
1992 1934 2042 1971 a.
2082 1934 2134 1967 0.
2174 1932 2223 1967 x.
2262 1923 2317 1966 et
2351 1931 2519 1981 supra
2562 1931 2704 1967 vers.

655 1982 712 2039 Ω.
757 1987 888 2035 vett.
928 1989 1076 2039 editt.
1115 1996 1222 2039 tots·
1259 2008 1314 2055 γε
1349 1986 1596 2057 α’γαθοῖε

781 2054 850 2105 D.
927 2053 1116 2109 πάντ’
1147 2055 1382 2109 αὐτοῖς
1418 2059 1685 2123 παραγ.]
1736 2052 1893 2107 πάντ’
1930 2050 2111 2107 αιῖτοῖε
2151 2058 2219 2104 Α.
2256 2055 2320 2103 Β.
2367 2050 2427 2109 Ω.
2472 2054 2539 2105 Ξ.
2587 2072 2638 2104 v.
2668 2054 2701 2102 f.

644 2222 888 2290 Satyr.c.
911 2226 1000 2285 62.
1025 2235 1157 2277 extr.
1188 2229 1250 2279 si
1287 2230 1611 2290 mentior,

642 2298 876 2359 genios
927 2305 1184 2348 vestros
1229 2300 1451 2349 iratos
1502 2298 1609 2347 ha

641 2364 839 2416 beam.
923 2366 999 2416 m.
1059 2386 1103 2418 c.
1157 2368 1251 2422 37:
1297 2372 1610 2439 ignoscet

641 2435 797 2484 mihi
866 2439 1099 2501 genius
1165 2447 1332 2488 tune.
1432 2442 1609 2502 Atque

639 2505 722 2554 his
774 2507 850 2555 ita
895 2507 1151 2570 expositis
1197 2523 1455 2590 apparere
1490 2509 1606 2556 exi-

641 2575 932 2635 stimamuS,
967 2577 1140 2624 locum
1179 2580 1391 2626 omnino
1418 2591 1604 2625 sanum

638 2657 755 2691 esse
793 2649 948 2704 atque
985 2646 1263 2706 integrum.
1339 2643 1605 2702 Quocirca

639 2723 747 2759 non
799 2712 1094 2761 audiendus
1141 2721 1221 2762 est
1268 2708 1599 2774 Orelliue‚

639 2779 730 2842 qui
767 2794 864 2842 pro
904 2781 1000 2828 τισὶ
1039 2778 1287 2844 πράξεσιν
1307 2782 1414 2846 legi
1455 2781 1603 2832 iubet

637 2852 768 2895 ταῖσι
829 2847 1093 2912 πράξεσιν.
1185 2851 1357 2907 Multo
1424 2853 1597 2901 minus

636 2931 761 2966 vero
781 2919 1058 2982 probanda
1087 2926 1211 2968 sunt
1234 2936 1368 2984 quae
1389 2923 1600 2985 scripsit

635 2985 932 3040 Zellerus
970 2987 1120 3038 stud.
1147 2989 1390 3039 Platona.
1428 3008 1478 3074 p.
1506 2990 1594 3044 96.

631 3055 805 3118 „Die
828 3057 1087 3108 Worte.
1128 3052 1243 3106 οἷον
1275 3056 1407 3122 πρὸς
1426 3054 1594 3124 ὑψηλὰ

634 3151 700 3161 —
737 3123 1014 3189 πράξεσιν,
1051 3128 1368 3178 scheinen
1408 3127 1594 3180 Glos-

634 3207 762 3243 sem
814 3212 890 3245 zu
958 3199 1133 3258 sein,
1197 3198 1427 3247 indem
1500 3201 1594 3250 sie

583 3262 822 3323 ‚nicht
905 3280 1023 3314 nur
1096 3266 1202 3314 die
1272 3266 1593 3320 Constru-

635 3333 822 3382 ction
862 3335 1262 3399 schleppend
1295 3337 1593 3399 macheu,

632 3402 923 3452 sondern
995 3403 1156 3452 auch
1232 3406 1355 3456 den
1430 3405 1592 3456 Sinn

631 3469 743 3518 dee
824 3471 1021 3521 ihnen
1092 3471 1592 3538 Vorhergehen-

630 3540 752 3588 den
815 3542 1158 3624 unrichtig
1221 3543 1591 3595 auffassen.

628 3605 776 3658 Κατὰ
811 3625 871 3657 ει
859 3605 1097 3676 ’πραγίαε
1134 3613 1216 3662 καὶ
1264 3610 1416 3676 τύχαι·
1453 3613 1590 3661 ἵστα·

630 3676 759 3727 σθαι
803 3679 1014 3730 heisst
1064 3684 1226 3731 nach
1292 3682 1432 3731 dem
1477 3681 1591 3730 Zu-

627 3750 1156 3816 sammenhange:
1179 3752 1320 3802 eich
1342 3750 1457 3800 auf
1486 3751 1590 3798 die

625 3816 814 3868 Seite
851 3820 960 3869 des
999 3819 1248 3870 Glficks
1289 3818 1590 3876 oderUn-

623 3886 860 3951 glficks
912 3889 1191 3951 neigen3
1237 3888 1379 3936 hier
1438 3887 1594 3936 aber

555 3983 564 3990 ·
623 3954 790 4006 wird
848 3973 914 4007 es
974 3957 1183 4006 durch
1237 3943 1593 4004 ἀνθίστασθαι

625 4023 912 4086 erklfirt,
935 4040 1066 4074 was
1105 4023 1349 4074 keinen
1388 4029 1592 4086 guten

625 4091 690 4142 S·
676 4108 693 4141 1
707 4108 741 4142 ιι
755 4109 790 4141 ιι
854 4096 916 4157 gi
929 4095 997 4144 eb
1013 4100 1050 4141 t.
1145 4091 1292 4150 Quae
1348 4093 1593 4142 refellere

625 4173 731 4210 non
750 4164 956 4212 attinet.
994 4162 1107 4212 Nec
1134 4177 1260 4210 vero
1285 4164 1390 4212 iam
1410 4177 1591 4212 neces-

623 4231 822 4279 sarium
836 4238 1102 4294 putamus,
1115 4237 1173 4279 ut
1193 4231 1414 4280 aliorum
1428 4234 1591 4282 inter-

1711 2234 1915 2292 pretum
1976 2240 2189 2309 errores⁹
2243 2224 2705 2307 perstringantur.

1780 2294 2075 2358 ἐλπίζειν
2135 2286 2189 2341 δ’
2250 2286 2345 2342 ἀεὶ
2416 2298 2571 2341 τοῖς
2644 2310 2708 2356 γε

1713 2360 2003 2432 ἀγαθοῖς
2040 2362 2137 2431 -]
2185 2362 2543 2428 Hyperbaton
2587 2379 2707 2413 eum

1712 2437 1914 2486 Aetio
1960 2435 2037 2484 sic
2087 2433 2508 2498 expediendum:
2564 2429 2705 2482 ἐλπί-

1708 2506 1814 2568 ζειν
1860 2502 1915 2553 δὲ
1964 2501 2129 2568 (χρή),
2168 2500 2260 2552 τὸν
2305 2500 2497 2560 θεόνῇ
2512 2500 2710 2552 πόνων

1708 2573 1800 2634 μὲν
1846 2569 2231 2622 ἐπιπιπτόντων
2289 2577 2395 2621 τοῖς
2454 2589 2515 2636 γε
2574 2566 2706 2637 α’γα-

1703 2642 1861 2700 θοῖε,
1908 2639 1939 2691 ἃ
1995 2639 2259 2722 δωρειται,
2308 2636 2393 2690 αέὶ
2451 2643 2709 2704 ποιήσειν

1702 2707 1943 2796 (αὕτοιε)
1984 2707 2234 2760 ἐλάττους
2266 2705 2331 2759 οἷν
2322 2711 2378 2758 »12
2414 2708 2707 2774 μειζόνων,

1704 2782 1805 2830 τῶν
1844 2801 1865 2830 t
1931 2771 2000 2830 αὖ
2025 2781 2123 2830 νῦν
2150 2778 2431 2844 παρόντων
2454 2777 2706 2846 (πόνων)

1700 2847 1988 2916 μεταβολὰς
2010 2845 2207 2913 (αὐτὸν
2240 2845 2507 2934 ποιήσειν)
2524 2847 2619 2900 ἐπὶ
2647 2847 2707 2900 τὸ

1700 2920 1919 2983 βέλτιον,
1959 2921 2075 2984 περὶ
2112 2915 2168 2968 δὲ
2209 2916 2266 2968 τὰ
2303 2913 2493 2983 ἅγαθα
2521 2919 2707 3004 (quod

1701 2991 1767 3040 ad
1816 3007 1899 3040 res
1946 2991 2211 3038 secundas
2262 2991 2487 3050 attinet)
2539 2987 2679 3040 πάντ

1701 3055 1777 3110 ἀεὶ
1815 3089 1881 3095 —-
1912 3056 2398 3122 παραγενήσεσθαι.
2434 3059 2707 3110 Feliciter

1700 3129 2121 3179 Cornarius:
2162 3143 2500 3192 „sperare
2542 3146 2707 3180 scm-

1696 3212 1809 3261 per
1873 3204 2176 3261 oportet,
2242 3196 2386 3247 dum
2460 3197 2711 3260 bonis,

1696 3281 1860 3330 quae
1921 3267 2081 3316 deus
2152 3267 2549 3331 largiatur,
2616 3271 2709 3318 la-

1695 3337 1889 3384 bores
1927 3336 2263 3398 incidunt,
2299 3337 2453 3387 fore
2485 3343 2555 3384 ut
2581 3339 2708 3387 ille

1693 3419 1823 3466 pro
1880 3405 2327 3466 gravioribus
2376 3408 2708 3461 leviores

1694 3473 1976 3523 inducat
2030 3481 2095 3524 et
2143 3491 2311 3525 nunc
2368 3491 2708 3539 praesen-

1692 3548 1789 3590 tes
1858 3543 1922 3590 in
1993 3544 2228 3594 melius
2311 3555 2710 3610 permutet,

1693 3595 1866 3659 circa
1912 3613 2084 3662 bona
2138 3629 2297 3662 vero
2360 3615 2468 3664 his
2537 3623 2710 3668 cen

1691 3681 1931 3740 truria,
1993 3681 2142 3731 fore
2203 3684 2565 3746 nimirum,
2638 3695 2712 3735 ut

1693 3749 1913 3798 omnia
1948 3765 2204 3821 semper
2242 3768 2427 3815 ipsis
2453 3755 2723 3808 adsuit.

1695 3831 1830 3866 cum
1879 3817 2049 3868 bona
2100 3812 2414 3871 fei-tuna:
2476 3825 2710 3886 igitur

1691 3885 2152 3936 infortunium
2190 3893 2254 3940 in
2280 3892 2537 3943 melius
2572 3912 2707 3944 mu·

1693 3960 1904 4006 tatum
1948 3957 2065 4020 iri,
2104 3961 2180 4005 et'
2218 3959 2511 4010 felicem
2564 3965 2710 4014 for-

1692 4030 1916 4074 tunam
1962 4042 2361 4092 prosperum
2408 4031 2709 4083 habitu·

1692 4109 1833 4142 rum
1870 4111 2014 4144 esse
2052 4111 2469 4150 successum.

1759 4163 1829 4212 D.
1905 4160 2183 4216 ταύταις
2246 4163 2326 4231 δή
2387 4176 2546 4222 ταῖς
2618 4171 2706 4222 ἔλ-

1696 4233 1998 4298 πισιν-]
2037 4235 2281 4284 Astius
2322 4245 2456 4288 ante
2485 4237 2709 4292 ταύταις
