2857 4738
636 366 760 428 2:38

1351 300 1960 419 PLATONIS

640 541 774 605 τῶν
839 532 1304 623 Κορυβάντων
1375 530 1636 617 ἰάματα
1709 532 2051 599 τελοῦσαι·
2104 528 2319 609 ’ἡνίκα
2392 524 2534 613 γὰρ
2604 524 2695 593 ἄν

639 663 771 708 που
839 637 1241 723 βουληθῶσι
1307 636 1829 718 κατακοιμίζειν
1864 629 1950 697 τὰ
2022 633 2494 709 ὃυςυπνοῦντα
2560 630 2695 694 τῶν

641 874 710 926 de
755 873 996 937 inquiete
1043 876 1100 921 et
1147 868 1436 932 insomnia,
1481 864 1615 932 quae

639 957 737 1009 per
771 942 1020 994 mulieres
1057 944 1240 989 curata
1269 939 1358 999 sit,
1395 954 1501 989 uon
1538 940 1613 987 vi—

641 1013 832 1063 derunt
867 1010 1052 1076 optimi
1093 1007 1360 1068 homines,
1401 1008 1613 1058 infanti-

641 1082 741 1132 bus
774 1078 984 1144 quide·
1023 1093 1052 1129 a
1093 1077 1316 1127 Platone
1344 1076 1501 1127 tribui
1538 1076 1613 1125 iu·-

641 1150 920 1210 somnian,
956 1147 1052 1197 sed
1095 1146 1474 1211 corybantibus
1499 1160 1613 1195 uon

641 1220 800 1281 item,
859 1217 1058 1282 quippe
1102 1216 1190 1280 qui
1252 1228 1349 1265 una
1408 1220 1611 1264 tantum

642 1287 832 1340 mentis
914 1284 1268 1336 concitatione
1339 1282 1615 1347 inquietari

643 1358 906 1409 dicuntur.
979 1354 1238 1405 Nimirum
1286 1354 1336 1403 in
1376 1352 1617 1419 fraudem

643 1427 717 1479 ilii
767 1423 1047 1476 manifesto
1098 1420 1298 1473 inducti
1362 1430 1485 1473 sunt
1531 1436 1617 1481 eo,

643 1494 785 1561 quod
824 1492 1000 1558 paullo
1023 1498 1144 1557 post
1181 1484 1248 1541 ad
1283 1491 1440 1541 verba
1464 1490 1616 1540 baec:

643 1560 892 1645 subduc?
941 1562 1002 1610 αἱ
1047 1562 1147 1610 τῶν
1193 1557 1459 1623 ἐκφρόνων
1492 1563 1615 1624 βοοκ·

643 1634 794 1697 ζειῶν
829 1632 993 1685 lautae
1029 1658 1093 1665 —
1131 1626 1308 1693 μούσῃ
1341 1626 1621 1693 χρώμεναι,

645 1699 862 1760 intelligi
889 1704 1137 1761 oportere
1174 1702 1422 1761 putarunt
1444 1712 1507 1747 ex
1530 1712 1617 1745 su-

647 1766 972 1835 perioribusx
1019 1762 1453 1830 εαταιιοιμῖζουσι
1492 1763 1620 1822 τούς

646 1838 1056 1895 δυςυπυοῦηας.
1105 1836 1176 1883 At
1211 1834 1380 1884 multo
1421 1836 1619 1884 rectius

645 1904 714 1956 ibi
771 1902 1023 1954 statueris
1081 1906 1172 1953 aut
1237 1917 1331 1967 per
1387 1917 1615 1967 zeugma

645 1977 890 2025 ποιοῦσιν
909 1969 1322 2036 intelligendum,
1339 1978 1455 2033 ant,
1474 1962 1617 2035 uliud

541 2092 550 2099 .
647 2042 838 2095 eodem
875 2041 1044 2101 redit,
1087 2040 1431 2105 repetendum
1471 2057 1614 2091 esse:

646 2110 746 2175 οὔχ
784 2108 1004 2173 ἡσυχίαν
1041 2114 1437 2177 προςφέρουσιν,
1480 2107 1616 2175 ἀλλὰ

646 2178 954 2231 τούναντίον
991 2179 1202 2244 κίνησιν,
1241 2180 1328 2227 καὶ
1363 2176 1428 2227 οὗ
1470 2176 1617 2244 σιγῆν

644 2247 770 2301 ἀλλὰ
808 2246 1087 2315 μελῳδίαν.
1165 2246 1334 2312 Atque
1357 2242 1495 2299 hanc
1533 2263 1612 2298 ra-

647 2321 844 2372 tionein
886 2318 1040 2369 unice
1071 2330 1246 2367 veram
1282 2330 1419 2378 esse,
1454 2330 1613 2380 quum

647 2389 776 2441 baec
811 2389 931 2452 ipsa
960 2386 1116 2438 verba
1141 2385 1384 2449 doceant,
1419 2387 1474 2436 in
1500 2387 1615 2450 qui-

645 2460 746 2509 bus
799 2471 902 2507 non
949 2457 1051 2506 alia
1100 2454 1168 2505 de
1216 2459 1274 2505 re
1309 2455 1481 2520 agitur
1516 2456 1618 2505 nisi

643 2525 716 2578 ‘de
773 2525 1021 2576 notionis
1081 2531 1137 2574 et
1189 2522 1491 2588 agitationis
1548 2524 1615 2575 ad

645 2593 1053 2657 comparandam
1079 2593 1320 2655 corporis
1357 2589 1621 2658 animique

647 2664 876 2728 quietem
925 2661 1185 2720 utilitate3
1236 2667 1344 2710 tum
1399 2669 1619 2722 pr‘orsus

649 2729 895 2783 evincunt
937 2729 1056 2791 illa,
1103 2741 1239 2791 quae
1289 2743 1339 2792 p.
1383 2726 1503 2783 791.
1555 2733 1614 2781 Α.

643 2803 916 2862 leguntur,
953 2796 1042 2846 ubi
1084 2795 1367 2846 infantibus
1402 2798 1616 2862 quidem

643 2867 833 2918 dicitur
869 2880 965 2932 per
1001 2863 1259 2916 eiusmodi
1297 2871 1498 2920 motum
1526 2884 1616 2921 so-

643 2949 798 2987 mnus
843 2933 1065 2994 adduci,
1123 2934 1497 2997 corybantibus
1528 2953 1618 2990 au·

642 3013 750 3056 tem
785 3004 1065 3056 saltatione
1101 3007 1154 3053 et
1176 3003 1418 3054 tibiarum
1442 3006 1617 3058 incen-

603 3075 822 3136 stione,
861 3072 959 3124 diis
995 3071 1392 3134 auxiliantibus,
1440 3075 1618 3128 afferri

641 3143 743 3194 boc
778 3141 1040 3201 utilitatis,
1078 3147 1138 3190 ut
1165 3156 1262 3205 pro
1285 3139 1500 3194 furiosis
1538 3144 1620 3194 af·

646 3210 869 3263 fectibus

645 3287 978 3344 recuperent.

647 3348 780 3409 sint,
815 3348 1032 3414 intelligi
1065 3345 1180 3397 binc
1219 3347 1425 3412 licebit,
1466 3347 1617 3414 quid·

645 3431 764 3468 nam
809 3415 946 3468 aliud
995 3415 1094 3478 sit,
1145 3417 1200 3464 in
1246 3429 1350 3479 quo
1391 3419 1619 3468 alterum

647 3498 874 3538 errorem
931 3487 1095 3535 latere
1151 3483 1400 3536 diximus.
1485 3485 1617 3537 Nam

643 3568 783 3617 quae
832 3552 930 3603 viri
984 3551 1128 3603 docti
1176 3553 1505 3617 scripserunt
1550 3555 1620 3608 de

645 3622 1058 3686 aegrotantibus,
1095 3622 1187 3685 qui
1219 3622 1475 3675 tibiarum
1494 3637 1619 3674 can·

645 3698 756 3750 tum
806 3691 906 3738 sibi
959 3689 1052 3738 visi
1097 3689 1202 3740 sint
1243 3693 1435 3742 mentis
1476 3691 1616 3742 insa-

647 3759 728 3812 nia
809 3759 1032 3826 quadam
1119 3757 1619 3826 delusi'perpetuo

647 3828 898 3881 exaudire
949 3831 1002 3878 et
1049 3828 1396 3890 quasikl'uriis
1434 3828 1619 3896 agitati

645 3898 750 3948 sint
821 3897 1106 3959 vexatique
1180 3895 1479 3958 insomniis,
1553 3912 1615 3949 ea

646 3979 806 4031 quum
847 3981 913 4016 ex
949 3965 1064 4016 aliis
1117 3965 1250 4014 locis
1289 3969 1424 4016 niale
1461 3964 1617 4018 intel·

645 4035 795 4086 lectis
835 4040 1036 4085 temere
1073 4031 1178 4082 sint
1216 4035 1467 4101 coinficts,
1504 4043 1615 4087 tum

645 4103 711 4154 sb
749 4101 848 4152 boc
886 4104 1006 4152 loco
1058 4102 1268 4152 omnino
1310 4104 1610 4154 abhorrent.

647 4171 724 4220 De
760 4185 866 4233 qua
901 4185 958 4222 re
995 4183 1164 4233 nuper
1187 4172 1441 4234 peculiari
1466 4187 1612 4222 com·

643 4238 961 4290 mentatione
1009 4238 1250 4298 exposuit
1296 4239 1437 4290 Alb.
1478 4240 1611 4290 lali·

927 3224 1089 3261 sanae
1145 3210 1337 3262 mentis
1389 3210 1616 3263 habitum

1085 3275 1239 3331 Quse
1309 3293 1472 3342 quum
1544 3281 1617 3330 lta

1719 861 1893 927 ni'us,
1948 868 2174 929 Bernas,
2226 866 2275 915 in
2323 862 2551 914 latinii
2596 870 2687 912 no-

1716 938 1813 987 stri
1859 944 1915 989 et
1964 936 2236 988 Klotzii
2275 935 2474 983 Annal.
2518 930 2687 982 Novv.

1717 1008 1993 1073 Supplem.
2071 1006 2190 1057 Vol.
2248 1002 2315 1053 X.
2376 1002 2583 1052 Fascio.
2636 1001 2685 1053 2.

1716 1076 2050 1139 Quamquam
2134 1088 2255 1124 cum
2340 1073 2458 1121 viro
2529 1070 2684 1121 docto

1714 1160 1877 1211 quum
1936 1145 2005 1195 de
2049 1141 2165 1194 aliis
2210 1140 2527 1205 quibusdam
2580 1139 2681 1188 dis-

1715 1216 2003 1273 sentimus,
2050 1220 2159 1262 tum
2198 1212 2352 1261 etiam
2394 1210 2465 1259 de
2500 1210 2685 1273 signifi-

1718 1286 1947 1345 catione,
1987 1297 2143 1345 quam
2170 1280 2486 1344 p-222sqq.
2530 1279 2689 1327 verbo

1721 1352 2072 1419 κορυβαντιᾶν
2132 1358 2387 1412 tanquam
2462 1348 2703 1416 primiti--

1720 1436 1834 1473 vam
1875 1420 2130 1479 attribuit.
2202 1418 2361 1471 Quod
2387 1419 2535 1467 enini
2568 1416 2690 1467 illud

1719 1492 2002 1540 arbitratur
2060 1486 2295 1537 adbiberi
2354 1486 2421 1537 ad
2477 1483 2690 1536 decla·

1720 1559 1989 1610 randum
2026 1556 2353 1608 affectum
2384 1561 2455 1607 et
2480 1558 2693 1604 actio-

1719 1644 1856 1681 nem
1882 1626 2350 1689 Corybantum·
2375 1624 2524 1674 sive
2551 1625 2690 1673 Gal-

1720 1700 1953 1753 lorum,
1992 1696 2059 1745 id
2100 1701 2217 1757 est,
2255 1693 2688 1745 sacerdotum

1722 1760 1963 1816 matris
2000 1765 2211 1825 deum,
2265 1762 2689 1827 quandoquidem

1706 1835 1880 1893 ,verba
1898 1836 1947 1883 in
1986 1838 2073 1883 ιᾶν
2094 1832 2372 1883 terminata
2396 1838 2549 1881 teste
2578 1830 2621 1880 1.
2634 1847 2689 1879 o·

1722 1900 1957 1955 beekio
1996 1902 2060 1953 ad
2092 1899 2360 1969 Phrynicb.
2398 1917 2451 1966 p.
2480 1899 2553 1953 79
2578 1914 2686 1962 sqq.

1716 1973 1783 2023 ad
1821 1970 1983 2023 animi
2024 1971 2336 2023 affectiones
2387 1978 2443 2020 et
2483 1976 2689 2033 pertur-

1718 2044 1963 2094 bationes
2002 2039 2360 2105 significandas
2404 2038 2689 2089 adhibean-

1718 2119 1830 2174 tur3
1884 2112 1937 2161 id
1974 2125 2005 2159 a
2043 2124 2167 2159 vero
2205 2107 2403 2159 recedit
2440 2106 2687 2171 longissi-

1716 2196 1815 2235 me.
1904 2178 2177 2242 Nusquam
2242 2179 2383 2228 enim
2436 2175 2568 2226 illud
2604 2176 2693 2239 ⁶de

1718 2249 1847 2314 ipsis
1896 2248 2277 2311 Corybantibus
2326 2245 2551 2308 dicitur,
2600 2243 2690 2294 sed

1719 2317 1869 2369 unice
1906 2318 2145 2380 usurpari
2186 2318 2325 2365 solet
2364 2314 2431 2364 de
2470 2316 2566 2377 iis,
2606 2312 2691 2378 qui

1720 2403 1868 2440 more
1888 2385 2245 2450 Corybantum
2275 2384 2509 2436 fanatico
2549 2382 2691 2434 furo·

1719 2472 1777 2508 re
1814 2457 2044 2521 correpti
2060 2455 2324 2505 insaniunt
2360 2459 2416 2504 et
2442 2453 2693 2504 delirant.

1722 2527 1821 2578 Est
1859 2524 1995 2575 enim
2048 2522 2466 2588 corybantio
2512 2523 2690 2572 furo-

1720 2609 1788 2645 re
1826 2595 2137 2644 laborare
2174 2595 2314 2644 sive
2350 2589 2689 2642 affectum

1718 2679 1883 2716 esse.
1957 2662 2109 2714 Unde
2148 2665 2404 2728 apparet,
2455 2674 2553 2710 our
2590 2670 2691 2709 non

1671 2759 1679 2764 ·
1721 2733 1955 2798 potuerit
2003 2731 2107 2781 dici
2145 2732 2213 2782 de
2248 2731 2374 2796 ipsis
2414 2728 2689 2794 Coryban-

1717 2802 1883 2863 tibus,
1908 2800 1964 2851 ἰι
2000 2799 2187 2866 quibus
2235 2801 2553 2850 rei-nomen
2601 2813 2691 2862 pe-

1720 2871 1872 2922 titum
1912 2877 2011 2938 est.
2084 2869 2291 2920 Etenim
2328 2865 2691 2934 Corybantum

1721 2937 1870 2990 saci-a
1920 2943 2131 2990 constat
2162 2943 2372 3003 peracta
2421 2951 2547 2986 esse
2582 2936 2691 2986 siu-

1722 3007 1889 3073 gulari
1925 3005 2312 3067 enthusiasmo,
2362 3007 2439 3056 ita
2492 3010 2555 3054 ut
2588 3003 2690 3070 ipsi

1722 3078 1854 3141 miro
1904 3077 2129 3146 quodam
2181 3074 2356 3127 furore
2401 3074 2593 3138 perciti
2638 3078 2693 3122 et

1720 3145 1907 3212 agitati
1944 3143 2257 3195 viderentur.
2297 3157 2346 3192 v.
2386 3141 2687 3192 Lobeck.

1724 3213 2065 3278 Aglaopbam.
2108 3213 2220 3267 Vol.
2250 3213 2311 3265 ll.
2342 3227 2393 3276 p.
2416 3210 2560 3264 1139
2577 3225 2691 3276 sqq.

1720 3282 1859 3336 1153
1906 3298 2017 3347 sqq.
2074 3281 2384 3333 Creuzer.
2444 3280 2689 3340 symbol.

1720 3367 1769 3404 u.
1818 3350 2108 3418 mytholog,
2157 3350 2227 3401 V.·
2270 3351 2331 3402 ΙΙ.
2379 3365 2431 3414 p.
2478 3348 2555 3402 40
2608 3363 2690 3412 sq.

1724 3419 2079 3484 Biittiger.
2128 3419 2285 3471 ldeen
2340 3433 2437 3469 zur
2486 3417 2691 3468 Kunst—

1722 3489 2043 3554 mythologie
2096 3489 2217 3539 Vol.
2269 3489 2307 3538 1.
2354 3503 2405 3552 p.
2460 3485 2570 3541 287
2610 3501 2689 3550 sq.

1722 3555 1973 3608 Hoeck.
2012 3557 2171 3606 Creta
2209 3571 2256 3605 v.
2293 3557 2340 3606 Ι.
2363 3555 2554 3620 p.203
2576 3569 2691 3618 sqq.

1722 3625 1861 3675 Hinc
1917 3629 2273 3692 κορυβαντιᾶν
2331 3626 2553 3677 omnino
2614 3623 2691 3674 di-

1698 3699 1905 3744 ·cuntur
1965 3694 2031 3757 ii,
2092 3693 2199 3758 qui
2262 3704 2443 3745 more
2492 3693 2693 3756 Cory·

1720 3763 1995 3814 bantum
2060 3763 2345 3813 insolito
2401 3763 2693 3826 quodam

1718 3828 2183 3882 enthusiasmo
2221 3836 2289 3881 et
2326 3845 2517 3881 sacro
2552 3837 2694 3880 tan-

1718 3913 1903 3965 quam
1978 3901 2209 3951 furore
2281 3899 2550 3950 cientur
2621 3913 2695 3948 ac

1704 3969 1933 4020 veluti
1972 3975 2162 4020 extra
2204 3983 2280 4017 se
2318 3969 2691 4034 rapiuntur.
2764 3975 2777 3980 “

1718 4037 1799 4088 Ex
1834 4051 1936 4100 qua
1980 4050 2081 4088 una
2127 4037 2511 4102 significatione
2561 4037 2693 4088 mul·

1718 4106 1883 4170 tiplex
1932 4105 2079 4157 verbi
2130 4119 2260 4156 usus
2292 4105 2433 4157 facili
2471 4106 2694 4172 negotio

1716 4173 1969 4234 declarari
2044 4180 2098 4226 et
2170 4171 2419 4226 illustrari
2491 4180 2691 4240 potest.

1714 4242 2055 4296 Transfertur
2103 4241 2240 4295 enim
2290 4243 2357 4296 ad
2406 4242 2695 4310 designan-
