2857 4738
865 317 1003 384 ns
1046 277 1469 406 memus
1520 331 1649 386 etc.
1873 358 1889 370 ·
1943 319 2262 388 Lxxm

193 486 404 552 coloris
477 487 762 572 poetici
827 488 1124 557 referunt
1137 537 1158 574 ,
1203 499 1425 556 tamen
1472 501 1726 557 tantum
1772 477 2001 575 abest,
2048 501 2123 558 ut
2164 494 2265 558 in-

193 571 364 638 ficeta
421 572 582 640 sint
649 587 780 638 aut
833 574 1120 640 orationi
1175 584 1499 642 tumorem
1563 597 1641 640 ac
1684 575 2067 662 languorem
2112 599 2265 663 per·

191 657 524 744 spicuitati
591 658 948 726 inimicum
996 657 1311 747 afferant,
1361 670 1438 724 ut
1478 660 1647 726 bene
1740 682 2023 745 erpensa
2067 665 2263 727 etiam

193 743 436 808 urbana
485 751 568 808 et
627 743 968 831 elegantia
1027 741 1238 812 videri
1313 755 1595 830 queant,
1706 745 2013 812 ummodo
2080 747 2261 830 item,

201 829 377 896 sicuti
417 850 560 915 par
605 837 754 912 est,
801 829 1205 914 reliquorum
1250 831 1639 912 verborum,
1700 831 2091 916 quibuscum
2132 855 2267 897 una

199 913 652 1002 perpetuitate
696 915 930 980 iuncta
971 924 1132 980 sunt
1175 925 1376 1000 atque
1421 915 1768 1002 copulata,
1828 915 2113 1003 diligens
2158 939 2265 982 ra-

198 1000 276 1065 tio
318 997 692 1066 habeatur.
780 998 928 1066 Nec
969 1022 1124 1066 vero
1181 1001 1613 1089 intelligimus
1630 1049 1651 1085 ,
1696 999 1861 1086 quid
1906 1023 1985 1066 ea
2026 1023 2149 1088 per
2190 1025 2265 1069 se

199 1093 508 1170 spectata
585 1083 805 1172 inepti
869 1084 1176 1152 habeant.
1287 1086 1467 1152 Nam
1535 1089 1943 1175 σωφρονοῦν
2012 1087 2259 1174 στόμα,

197 1173 336 1249 δίκη
379 1166 776 1256 εὐώνυμος,
819 1168 1220 1260 εὐθύπορον
1243 1163 1458 1257 ἦθος,
1508 1169 1794 1254 αἱμύλος
1823 1174 2011 1258 ἔρως,
2050 1169 2265 1253 ἅμουω

198 1279 272 1320 σα
311 1253 821 1339 ἁμαρτήματα,
863 1253 1122 1341 ἄταφοι
1165 1255 1461 1342 πράξεις,
1506 1257 1670 1324 satis
1700 1256 2053 1344 perspicua
2086 1268 2261 1326 sunt.

197 1339 394 1423 Quod
439 1349 684 1406 autem
717 1339 812 1406 ad
855 1339 1112 1427 reliqua
1157 1341 1481 1429 pertinet,
1527 1350 1687 1408 sunt
1727 1341 1843 1406 illa
1884 1351 2064 1410 certe
2107 1365 2265 1422 vere

197 1425 508 1491 ornantia
527 1475 552 1512 ,
616 1435 1090 1512 ponunturque
1137 1427 1386 1514 ‘partim
1443 1427 1749 1506 >similiter
1804 1437 1879 1492 ut
1932 1426 2014 1493 in·
2056 1429 2265 1504 κακός

197 1509 545 1595 θάνατος,
579 1509 1053 1613 ποεκὸςμόρος2
1094 1513 1310 1579 mala
1351 1513 1661 1597 febris,
1689 1510 1903 1576 mala
1930 1511 2257 1596 cicuta,

197 1596 422 1682 qualia
467 1605 746 1664 constat
788 1597 985 1662 etiam
1027 1621 1102 1664 m
1143 1595 1535 1683 quotidiano
1569 1605 1872 1664 sermone
1897 1597 2105 1664 fuisse
2128 1599 2263 1664 {re-

197 1690 552 1767 quentata.
671 1681 807 1748 Sed
883 1682 1052 1750 haec
1181 1681 1403 1749 uidem
1476 1684 1667 1771 quasi
1724 1681 2265 1769 'praetereundm

197 1767 490 1853 pertinet
537 1767 716 1833 enim
753 1790 980 1834 eorum
1023 1789 1153 1855 exp
1177 1769 1378 1834 icatio
1418 1769 1696 1856 propius
1741 1767 1828 1834 ad
1872 1767 2266 1857 disputatio·-

199 1875 337 1920 nem
381 1851 476 1918 de
511 1853 892 1918 iunctorum
936 1853 1284 1920 verborum
1329 1875 1475 1919 usu.

365 1987 623 2073 Itaque
645 1986 749 2054 his
770 1987 994 2054 missis
1012 1985 1537 2076 transgredimur
1562 1987 1828 2056 tandem
1851 1988 1937 2054 ad
1958 2001 2269 2074 quartum

203 2071 421 2138 locum
439 2121 462 2156 ,
529 2094 727 2156 quem
785 2073 1114 2140 illustrare
1178 2073 1301 2140 hac
1344 2073 1791 2162 disputatione
1818 2079 2067 2140 ‘nostra
2109 2095 2268 2140 con-

189 2157 580 2242 stituimus,
627 2157 1168 2244 quandoquidem
1231 2168 1475 2244 restat,
1534 2169 1613 2225 ut
1668 2159 1867 2226 etiam
1922 2157 2005 2224 de
2055 2157 2267 2224 nomi·

191 2267 400 2326 num,
462 2265 638 2328 quae
697 2242 1032 2327 abstracta
1079 2254 1441 2329 vocantur,
1486 2267 1613 2310 usu
1656 2244 1727 2308 in
1770 2243 2031 2342 Legum
2076 2241 2265 2307 libris

192 2327 658 2415 frequentiore
741 2327 1218 2419 disputandum
1290 2330 1400 2396 sit.
1522 2329 1727 2395 Hunc
1774 2327 2004 2415 ‚igitur
2073 2349 2267 2395 usum

193 2414 494 2501 primum
568 2415 802 2503 paucis
874 2416 1231 2483 lustremus
1251 2462 1273 2495 ,
1347 2414 1667 2501 exemplis
1738 2412 1882 2481 eius
1943 2413 2015 2479 in
2084 2420 2271 2479 certa

195 2500 538 2584 quaedam
599 2502 845 2588 ‘genera
885 2500 1260 2590 descriptis.
1364 2498 1521 2583 Quo
1576 2501 1758 2566 facto
1804 2496 2267 2583 disquiremus,

193 2609 362 2651 num
420 2584 590 2671 quid
646 2586 716 2651 in
778 2609 858 2652 eo
921 2586 1081 2653 insit
1141 2586 1246 2653 ine
1296 2586 1346 2651 ti
1409 2592 1530 2651 aut
1586 2584 1853 2653 molesti
1912 2592 1981 2651 et
2010 2582 2267 2671 quibus

193 2671 468 2739 caussis
511 2670 658 2737 eius
702 2672 1077 2756 frequentia
1119 2670 1190 2737 in
1301 2671 1540 2759 egibus
1584 2671 1852 2737 nitatur.

371 2792 618 2859 Potest
672 2802 892 2859 autem
951 2815 1110 2861 usus
1151 2794 1490 2859 nominum
1534 2792 2013 2859 abstracturum
2030 2833 2053 2873 ,
2096 2806 2271 2873 quae

207 2888 578 2960 vocantur,
631 2900 754 2965 pro
811 2878 1140 2945 concretis
1183 2879 1551 2965 positorum
1568 2926 1591 2963 ,
1634 2875 1965 2962 siquidem
1986 2881 2271 2964 ,specta-

207 2971 306 3028 tur
383 2963 806 3030 extrinsecus
877 2962 1342 3048 indicaturque
1426 2986 1510 3029 ex
1598 2962 1809 3028 forma
1894 2969 1999 3027 et'
2045 2957 2269 3043 specie

210 3048 682 3134 grammatica,
741 3050 1012 3115 omnino
1057 3046 1303 3137 duplex
1346 3048 1656 3115 discerni.
1744 3048 1887 3111 Aut
1931 3042 2269 3142 enim-no-

209 3134 382 3199 mina
445 3134 566 3198 illa
621 3145 961 3220 ponuntur
1017 3158 1138 3220 pro
1197 3133 1346 3201 aliis
1404 3130 1837 3200 substantivis
1894 3125 2270 3194 nominibus

211 3218 318 3283 sed
389 3218 480 3285 iis
527 3220 856 3284 concretis
875 3268 894 3302 ,
943 3242 1113 3305 quae
1159 3220 1362 3305 vulgo
1405 3219 1742 3299 dicuntur,
1788 3222 1905 3279 aut
1946 3232 2269 3298 usurpan-

199 3314 310 3371 mr
425 3328 502 3370 ro
563 3303 912 3370 adiectivis
971 3315 1040 3370 et
1111 3304 1514 3391 participiis,
1591 3322 1763 3389 quae
1842 3298 1951 3364 alii
2021 3296 2267 3362 nomini

212 3411 360 3474 prae
417 3388 584 3455 icati
642 3388 748 3454 vel
797 3388 1101 3456 attributi
1142 3390 1294 3457 loco
1337 3388 1809 3475 adiunguntur.
1898 3382 2272 3483 Utriusque

213 3474 474 3560 generis
561 3474 864 3562 exempla
939 3474 1010 3539 in
1088 3474 1386 3563 Legibus
1470 3472 1887 3559 reperiuntur
1958 3468 2267 3555 plurima,

215 3582 615 3645 quamquam
661 3558 998 3644 aliquanto
1047 3561 1253 3626 maior
1297 3560 1493 3645 copia
1527 3566 1629 3624 est
1646 3579 1874 3623 eorum
1906 3555 2273 3655 nominum,-

215 3666 380 3729 quae
440 3646 619 3712 loco.
657 3645 1217 3712 substantivorum
1275 3645 1497 3731 posita
1554 3641 1731 3709 sunt.
1819 3641 1911 3707 Et
1951 3639 2037 3707 ad
2081 3660 2269 3727 prius

217 3730 478 3815 quidem
527 3752 748 3819 genus
791 3731 957 3797 haec
999 3731 1136 3799 fere
1191 3729 1547 3817 pertinent.
1634 3727 1903 3792 Dicitur
1943 3725 2271 3805 ὑπηρεσία

253 3839 322 3882 ro
365 3814 806 3904 ὑπηρέται
852 3815 1038 3881 Libr.
1085 3815 1213 3881 VI.
1256 3839 1322 3901 p.
1369 3816 1515 3881 753.
1546 3812 1626 3878 Β.
1667 3810 1834 3879 XII.
1882 3835 1947 3898 p.
1994 3812 2137 3877 956.
2185 3806 2267 3871 E.

217 3838 412 3970 i’orro
457 3904 688 3992 φυγαί
747 3923 871 3988 pro
933 3900 1264 3989 φυγάδες,
1318 3899 1703 3981 exsules,
1764 3896 1953 3963 Iaibr.
2008 3892 2141 3959 111.
2200 3914 2267 3977 p.

222 3988 348 4055 682.
409 3989 494 4055 Ε.
556 3988 948 4071 μηχαναί
1007 4008 1127 4073 pro
1187 3985 1817 4053 machinatores
1876 3978 2269 4045 malarum

212 4076 518 4143 artium
578 4073 775 4139 Libr.
842 4068 937 4137 X.
997 4092 1060 4157 p.
1133 4072 1278 4138 908.
1339 4070 1426 4136 D.
1486 4069 1527 4150 ἡ
1596 4064 1945 4134 δούλεια
2012 4084 2137 4149 pro
2202 4068 2271 4129 οὶ

207 4162 430 4231 δοῦλοι
485 4157 688 4227 hibr.
738 4156 866 4223 VI.
917 4178 986 4241 p.
1031 4156 1176 4222 625.
1218 4154 1298 4224 Β.
1345 4156 1761 4239 πρεσβεία
1804 4172 1927 4236 pro
1966 4150 2275 4233 πρεσβεῒς
