2857 4738
442 307 573 376 ΒΕ
614 309 1031 382 Lufflssus
1078 315 1258 382 Lis.
1308 315 1464 420 vn.
1515 321 1587 382 Ρ.
1638 322 1784 384 812.
1831 318 1932 386 st.

174 485 262 545 sit,
301 483 645 544 expedienda
679 489 805 534 ante
840 485 1025 534 omnia
1044 498 1159 534 rur·

176 568 265 602 sus
290 551 611 616 perplexior
632 558 683 602 et
706 553 1011 604 intricatior
1042 569 1157 604 ver-

180 622 369 674 borum
427 624 752 673 constructio
801 632 909 685 est,
964 625 1161 688 quippe

180 705 319 754 quae
357 690 493 742 mire
532 699 615 742 est
646 686 1039 748 ἀνακόλουθοε.
1070 693 1157 742 De

178 775 291 823 qua
328 761 375 810 si
408 767 649 810 nostram
686 763 915 826 requiris
946 768 1157 812 senten·

178 830 339 890 tiam,
386 845 499 878 rem
544 831 731 894 paucis
769 834 845 882 ita
887 833 1158 895 explican-

175 900 301 948 dam
338 899 679 949 arbitramur.
746 900 961 953 Etenim
998 915 1159 965 quum

176 968 525 1018 manifestum
561 971 631 1017 sit
660 970 1005 1034 principalem
1042 971 1159 1019 uni·

176 1051 370 1102 versae
398 1037 609 1100 periodi
632 1047 835 1102 partem
856 1055 973 1090 esse
996 1039 1159 1088 hance

178 1103 275 1169 τὴν
312 1103 372 1154 δὲ
416 1105 775 1169 ἑτεροφωνίαν
812 1110 895 1158 καὶ
942 1108 1157 1157 ποικιλί-

177 1193 245 1224 αν
290 1181 388 1239 τῆς
427 1174 588 1238 λύρας
625 1203 689 1212 -
726 1175 795 1242 μὴ
844 1176 1161 1242 προ-εφέρειν

178 1249 289 1294 τοῖς
324 1245 601 1306 μέλλουσιν
640 1263 682 1294 κ.
710 1263 749 1296 τ.
790 1250 849 1304 1,,
886 1263 1041 1298 nemo
1078 1255 1159 1298 est

176 1315 311 1378 quin
352 1315 555 1377 videat,
600 1331 739 1378 quse
774 1319 949 1368 media
990 1319 1154 1366 inter·

174 1387 325 1432 iecta
378 1393 527 1434 suut:
584 1387 667 1433 καὶ
712 1383 777 1448 δὴ
826 1386 907 1436 καὶ
958 1384 1153 1434 πυκνό-

179 1469 307 1516 τητα
361 1480 429 1490 --
488 1452 975 1517 προςαρμόττονταε·
1049 1461 1157 1504 τοῑόἱ

176 1519 459 1585 φθόγγοιό·
513 1523 606 1586 τῆς
668 1521 861 1588 Adeas,
919 1541 1027 1576 non
1080 1527 1159 1575 ita

178 1593 463 1644 enuntiata
494 1607 633 1652 esse,
672 1603 729 1642 ut
764 1593 1043 1658 flagitabat
1075 1596 1155 1643 in·

178 1662 359 1710 stituti
384 1664 659 1719 ‚sermonis
695 1665 851 1714 ratio.
888 1663 1157 1714 Nimirum

178 1731 411 1780 debebat
438 1740 579 1781 certe
606 1742 727 1796 post
763 1733 937 1782 ιἐωών
964 1743 1015 1782 et
1036 1733 1158 1794 ξον-

178 1797 377 1848 {tentos
424 1800 520 1847 τοῦ
569 1803 791 1865 ποιητοῦ
842 1809 935 1853 aut
974 1818 1159 1853 rursus

178 1871 453 1932 genitivus
509 1871 789 1922 absolutus
836 1873 992 1935 poni,
1050 1879 1161 1936 aut,

178 1953 317 2002 quae
346 1939 531 2002 spatii
568 1947 651 1990 est
684 1943 969 2004 sententia,
1003 1943 1157 1992 illato

176 2023 307 2058 casu
362 2008 585 2066 obiecti,
630 2012 781 2073 pergi
828 2011 929 2060 hoc
966 2012 1153 2060 m0do=

179 2079 264 2124 καὶ
302 2072 370 2138 δὴ
412 2077 495 2124 καὶ
537 2075 593 2127 τὸ
634 2075 929 2143 πυκνότητα
966 2107 1027 2116 -—
1060 2095 1155 2128 πα·

178 2145 545 2210 ρὲχεσθαι,καὶ
574 2175 635 2184 -
673 2151 973 2209 ποικίλματα
997 2161 1155 2211 προς-

181 2213 475 2278 αρμόττειν.
536 2217 615 2266 At
649 2221 789 2268 enim
831 2234 955 2268 vero
1005 2219 1155 2268 dese-

180 2288 291 2334 ruit
327 2287 559 2348 scriptor
604 2288 909 2338 inchoatam
954 2303 1157 2338 sermo-

178 2358 263 2405 nis
310 2363 632 2407 structuram
678 2359 963 2421 posuitque
1006 2374 1155 2423 prae-

178 2436 259 2475 ter
314 2428 743 2488 expectationem
795 2430 1155 2477 accusativum

180 2493 573 2559 παρεχομένους
630 2505 683 2545 et
736 2494 1155 2561 προεαρμόττον·

180 2562 297 2621 ταέ,
365 2572 555 2627 utpote
621 2568 726 2615 iam
790 2569 1036 2630 cogitans
1090 2567 1157 2615 de

177 2634 483 2697 insequenti
524 2636 791 2685 infinitivo
820 2635 891 2701 μὴ
927 2634 1155 2700 apompe-

180 2720 309 2767 ρειν,
348 2704 433 2751 cui
469 2719 571 2767 pro
618 2708 937 2761 accusativo
962 2703 1157 2755 obiecti

180 2774 533 2823 insolentiore
593 2776 855 2825 >orationis
914 2775 1157 2837 enallage

180 2858 367 2893 casum
418 2843 639 2893 subiecti
699 2846 963 2893 adiunxit.
1035 2842 1155 2901 Quo

178 2914 327 2964 facto
374 2912 605 2975 denique
644 2929 829 2963 rursus
871 2913 1158 2963 revertitur

179 2982 249 3031 ad
303 2984 756 3031 constructionem
808 2984 1157 3047 superio-rem,

182 3050 624 3113 quandoquidem
683 3053 831 3101 filum
893 3053 1155 3101 sermonis

156 3122 541 3185 *interruptum
562 3122 685 3169 dein
710 3124 1007 3184 pertexitur
1030 3122 1157 3171 inde

182 3205 217 3242 a
254 3190 469 3240 verbis:
510 3186 673 3239 πάντα
711 3182 813 3239 οὖν
850 3187 910 3239 τὰ
949 3190 1161 3240 τοιαῦτα

182 3276 229 3307 κ.
270 3276 313 3309 τ.
356 3259 429 3315 ³..,
482 3259 573 3307 ubi
622 3268 775 3323 patet
817 3252 917 3309 οὖν
966 3274 1161 3324 epana-

180 3330 348 3392 lepsis
390 3328 647 3377 indicium
684 3329 887 3386 facere,
926 3332 1033 3379 ista
1068 3344 1162 3379 au-

182 3406 315 3447 tem:
354 3393 523 3445 πάντα
564 3390 664 3447 οὖν
702 3395 761 3448 τὰ
798 3400 1009 3447 τοιαῦτα
1048 3415 1093 3447 κ.
1120 3414 1163 3447 τ.

181 3468 225 3515 λ.
262 3468 537 3531 respicere
574 3468 641 3515 ad
678 3484 743 3520 ea
778 3471 987 3530 omnia,
1024 3482 1161 3532 quae

180 3542 345 3586 antea
380 3544 635 3599 tanquam
674 3538 848 3587 minus
886 3539 1041 3587 utilia
1069 3544 1164 3587 aut

180 3621 293 3655 non
341 3605 567 3655 ferenda
593 3607 655 3655 in
705 3607 895 3671 puerili
949 3608 1162 3655 institn-

180 3678 334 3723 tione
376 3681 561 3725 notata
578 3682 633 3724 et
667 3676 989 3741 reprehensa
1020 3682 1159 3727 sunt.

180 3745 339 3794 Haec
374 3746 543 3807 igitur
580 3751 661 3793 est
695 3747 798 3795 loci
841 3745 1161 3794 difficiliori-s

179 3816 339 3879 quasi
377 3828 665 3877 compages
690 3823 852 3879 atque
878 3821 1161 3874 structura,

182 3899 293 3948 qua
360 3887 647 3947 explorata
716 3885 927 3934 demum
996 3885 1163 3932 tutius

184 3954 387 4003 dehinc
454 3953 640 4002 licebit
700 3954 769 4005 ad
837 3954 1166 4017 singularum

184 4024 421 4086 partium
462 4022 953 4073 considerationem
990 4038 1054 4072 ac
1088 4022 1167 4071 di·

182 4092 575 4144 iudicationem
617 4093 887 4143 accedere.
931 4088 1173 4156 Opponit

186 4163 355 4224 igitur
374 4162 628 4225 scriptor,
650 4163 803 4213 sicuti
830 4162 1173 4211 manifestum

187 4242 303 4293 est,
358 4230 717 4294 ἑτεροφωνίαν
773 4232 853 4279 καὶ
918 4230 1200 4280 ποικιλίαν.

2107 325 2234 390 343

1266 497 1355 556 τῆς
1386 489 1562 557 λύρας,
1597 490 1950 544 diversitatum
1977 498 2036 546 ct
2059 491 2230 548 varie·

1257 567 1415 615 tatem
1453 563 1616 627 lyme,
1651 564 1767 611 eius
1795 569 1980 613 cantus
2015 564 2232 624 rationi,

1262 633 1354 696 qui
1393 646 1556 682 sonos
1595 633 1742 696 lyrae
1767 647 1886 680 cum
1919 633 2094 683 modis
2117 648 2230 683 mu-

1262 703 1386 752 sicis
1440 717 1606 764 puero
1671 701 2015 768 praescriptis
2071 703 2232 766 plane

1262 772 1423 822 habet
1461 777 1848 832 congruentes,
1895 771 2056 835 idque
2103 771 2232 822 facit

1262 843 1358 902 sic,
1396 847 1456 889 at
1491 847 1618 891 ante
1653 841 1830 889 omnia
1866 841 2116 892 universe
2149 841 2231 890 in·

1262 911 1496 971 dicetur,
1542 924 1610 958 ex
1663 923 1896 972 quonam
1941 910 2092 959 fonte
2135 909 2234 960 illa

1260 995 1513 1030 sonorum
1560 979 1791 1029 varietas
1829 979 1882 1026 et
1921 979 2230 1042 discrepan-

1262 1051 1337 1098 tia
1378 1049 1766 1112 proficiscatur.
1815 1047 2094 1098 Pertinent
2129 1048 2242 1098 huc

1260 1119 1378 1170 illa:
1412 1114 1538 1166 ἄλλα
1573 1115 1666 1176 μὲν
1701 1145 1767 1152 -ψ-
1807 1117 1902 1166 τοῦ
1942 1113 2033 1180 τὴν
2067 1118 2226 1182 μελῳ-

1258 1185 1377 1236 δίαν
1420 1186 1716 1250 ξυνθέντος
1767 1186 2008 1250 ποιητοῦ.
2078 1186 2232 1245 Quae

1257 1258 1472 1322 quidem
1544 1256 1709 1305 verba
1775 1270 1840 1303 eo
1917 1257 2228 1318 diligentius

1258 1334 1381 1376 sunt
1442 1327 1687 1374 rimanda
1747 1332 1802 1372 et
1856 1325 2230 1388 expendenda,

1258 1398 1401 1460 quod
1431 1411 1615 1444 eorum
1651 1395 1938 1456 explicatio
1975 1401 2228 1456 tanquam

1258 1467 1398 1515 viam
1437 1473 1490 1514 et
1519 1463 1726 1514 aditum
1762 1463 2064 1526 patefacere
2085 1465 2228 1512 vide·

1261 1543 1347 1586 tur
1390 1537 1463 1586 ad
1507 1534 1713 1596 reliqua
1759 1533 1978 1596 penitus
2024 1533 2228 1596 perspi·

1260 1605 1465 1654 cienda.
1531 1604 1598 1658 Et
1633 1605 1752 1665 ipsa
1789 1603 2003 1664 quidem
2038 1615 2146 1664 per,
2171 1617 2228 1650 se

1262 1681 1502 1738 spectata
1537 1673 1736 1721 habent
1779 1686 1908 1731 sane
1952 1672 2260 1742 explicati·-⁸

1262 1759 1427 1792 onem:
1491 1743 1826 1800 facillimam,
1901 1749 1960 1789 ut
2029 1741 2228 1790 nullam

1262 1814 1419 1876 plane
1461 1809 1758 1874 legentibus
1794 1810 2054 1860 obiiciant
2087 1809 2238 1858 diffie

1264 1883 1528 1932 cultatem.
1589 1879 1726 1928 Nam
1763 1879 1834 1928 ad
1873 1880 1968 1928 τοῦ
2005 1877 2229 1942 ποιητοῦ

1254 1967 1411 2002 nemo
1450 1952 1552 1999 erit
1587 1951 1714 2013 quin
1753 1949 2010 2010 largiatur
2031 1963 2096 1998 ex
2133 1963 2228 1998 an·

1256 2028 1496 2083 tegi-esso
1526 2017 1698 2066 ἱεισῶν
1727 2017 1874 2065 nullo
1903 2018 2120 2080 negotio
2143 2018 2223 2065 in·

1254 2090 1425 2151 telligi
1466 2089 1626 2136 licere
1663 2087 1856 2141 ἱέντος,
1905 2083 2050 2149 qu'od
2097 2101 2226 2134 sane

1258 2166 1401 2208 recta
1437 2157 1572 2206 ratio
1611 2155 1864 2218 postulat.
1938 2154 2098 2204 Poeta
2131 2169 2224 2202 an-

1256 2237 1361 2276 tem
1406 2229 1508 2276 iste
1559 2226 1602 2274 si
1653 2225 1926 2288 quaeritur
1967 2225 2085 2288 quis
2135 2232 2228 2272 aut

1258 2299 1430 2360 qualis
1455 2297 1542 2356 sit,
1579 2308 1686 2342 non
1711 2300 1792 2342 est
1825 2291 2065 2357 profecto
2090 2291 2227 2341 alius

1257 2364 1662 2429 intelligendus,
1713 2379 1869 2427 qutun
1907 2363 1994 2427 qui
2037 2361 2228 2412 modos

1258 2437 1490 2485 musicos
1551 2433 1678 2483 fecit
1741 2440 1899 2497 atque
1965 2433 2228 2481 canticum

1248 2506 1375 2554 —sive
1424 2504 1589 2554 melos
1633 2502 1966 2565 composuit,-
2007 2515 2228 2564 prorsus

1259 2584 1317 2623 ut
1342 2575 1508 2638 Legg.
1535 2572 1610 2621 11.
1635 2588 1685 2635 p.
1713 2570 1832 2625 670.
1861 2570 1924 2619 Ε.
1955 2570 2042 2619 Ad
2071 2584 2228 2633 quem

1262 2660 1434 2694 usum-
1480 2641 1734 2705 loquendi
1798 2640 2227 2703 patefaciendum

1261 2722 1315 2763 et
1348 2711 1724 2762 declarandum
1749 2725 1816 2759 ne
1842 2725 1979 2773 opus
2015 2708 2230 2773 quidem

1261 2792 1341 2833 est
1362 2791 1419 2833 ut
1441 2782 1508 2831 ad
1531 2780 1628 2829 illa
1663 2780 2050 2842 confugiamus,
2087 2792 2228 2841 quae

1260 2854 1476 2917 scripsit
1523 2850 1758 2899 Cicero
1811 2850 1892 2897 De
1931 2847 2080 2897 Orat.
2119 2846 2226 2901 111.

1259 2921 1355 2979 44„
1388 2918 1600 2980 Musici,
1648 2916 1737 2983 qui
1767 2916 1924 2967 etiam
1972 2915 2228 2981 quondam

1258 2990 1438 3041 iidem,
1501 2988 1706 3055 ροόὒαος
1797 2985 2228 3049 quandoquidem

1262 3054 1480 3123 ποιητής
1531 3066 1584 3107 et
1629 3059 1821 3117 ποιεῖν,
1883 3055 2070 3103 latiore
2129 3068 2227 3101 usu

1260 3128 1527 3187 vocabuli,
1566 3128 1782 3176 omnino
1819 3124 2015 3173 dicitur
2045 3120 2111 3170 de
2139 3122 2228 3182 iis,

1261 3200 1350 3263 qui
1390 3200 1444 3246 in
1484 3196 1687 3245 artibus
1723 3200 1882 3257 atque
1919 3192 2108 3241 litteris
2129 3191 2227 3239 ali·

1263 3268 1391 3331 quid
1439 3266 1491 3314 vi
1549 3263 1755 3327 proprii
1811 3262 2012 3325 ingenii
2066 3266 2229 3323 atque

1264 3337 1514 3385 liberiore
1549 3332 1740 3382 mentis
1777 3331 2046 3393 animique
2083 3336 2230 3380 motu

1266 3410 1574 3468 procreaut3
1625 3401 1770 3449 unde
1805 3402 1964 3449 etiam
2003 3398 2070 3447 de
2107 3412 2230 3461 pro-

1260 3489 1353 3525 sae
1388 3472 1648 3523 orationis
1685 3468 2035 3533 scriptoribus
2076 3481 2232 3516 usur·

1260 3543 1375 3608 pari
1435 3540 1784 3589 meminimus.
1843 3554 1892 3587 v.
1940 3537 2232 3589 Dorvill.

1260 3612 1333 3663 ad
1368 3610 1649 3660 Chariton.
1686 3624 1718 3671 p
1755 3607 1876 3661 289.
1915 3614 1969 3656 et
2005 3607 2234 3658 Aetius

1262 3682 1329 3731 ad
1366 3679 1500 3729 Plat.
1531 3677 1766 3729 Phaedr.
1798 3694 1846 3743 p.
1869 3676 1988 3731 142.
2020 3677 2086 3727 A.
2112 3674 2237 3729 236.

1261 3744 1560 3813 D.‘Itaque
1603 3755 1844 3813 apertum
1893 3753 1974 3797 est
2007 3746 2112 3795 hoc
2153 3744 2232 3793 di·

1264 3834 1385 3870 cere
1421 3818 1832 3878 Atheniensem,
1879 3816 1968 3880 qui
2005 3813 2234 3865 sustinet

1260 3883 1441 3954 partes
1460 3890 1690 3938 orantis=
1731 3882 2040 3937 discordiam
2059 3886 2230 3930 antem

1265 3974 1502 4009 sonorum
1569 3964 1618 4007 et
1681 3956 1982 4005 uarietatem
2047 3947 2232 3999 exinde

1266 4026 1528 4085 orientem,
1567 4024 1702 4089 quod
1727 4022 1859 4072 alios
1883 4023 2062 4067 cantus
2085 4015 2230 4066 chor-

1268 4095 1369 4145 dae
1402 4094 1658 4153 emittunt,
1693 4091 1828 4141 alios
1849 4084 2032 4151 fundit
2059 4086 2234 4151 poeta,

1270 4161 1357 4229 qui
1392 4161 1624 4213 modulos
1657 4155 1962 4224 composuit,
1996 4168 2094 4205 non
2140 4152 2240 4215 de:

1272 4236 1347 4282 σοι
1390 4230 1634 4282 adhibere
1681 4226 1735 4277 in
1784 4222 2107 4277 instituendis
2148 4222 2238 4285 iis,
