2857 4738
263 1560 1809 1843 'I2ARGUMENTUM'

733 1910 736 1917 .
808 1864 1077 1941 mmm
1115 1841 1434 1929 'saxa-1.

116 2102 412 2222 Accedit
456 2156 890 2223 Atheniensis
931 2156 1183 2223 dehinc
1227 2157 1312 2223 ad
1357 2156 1815 2243 magistratus,
1877 2180 2152 2243 quormn

118 2262 385 2391 genera,
427 2253 758 2329 potestas,
813 2242 1155 2331 imperium
1211 2239 1629 2310 definiuntur.
1734 2242 1853 2307 De‘
1899 2264 2030 2327 qua
2084 2266 2155 2311 re

171 2342 294 2392 aec
345 2328 476 2394 iere
529 2329 965 2400 disseruntur.
1073 2326 1294 2412 Quum
1351 2326 1701 2418 plurimum
1757 2328 2154 2415 reipublicae

115 2412 412 2498 intersit,
453 2425 525 2480 ut
566 2415 728 2482 boni
770 2415 1222 2501 sapientesque
1267 2413 1399 2480 sint
1427 2413 1697 2500 ·quibus
1752 2424 1976 2484 utatur
2017 2439 2152 2482 ma-

121 2501 477 2587 gistratus,
533 2512 679 2568 tum
724 2501 918 2566 etiam
959 2501 1044 2584 ii,
1093 2502 1206 2586 qui
1248 2499 1397 2585 illos
1444 2501 1575 2566 sint
1618 2499 1899 2567 creaturi
1918 2551 1937 2582 ‚
1983 2502 2149 2568 tales

123 2586 260 2650 sint
315 2607 580 2654 neeesse
638 2595 772 2672 est,
830 2587 944 2671 qui
996 2585 1178 2652 ‘reete
1237 2587 1499 2678 possint
1558 2585 1831 2653 aliorum
1872 2587 2150 2655 virtutes

117 2671 464 2738 aestimare
516 2683 717 2758 atque
773 2671 854 2737 iis
910 2673 1316 2740 committere
1377 2695 1649 2739 munera
1701 2673 1990 2767 publica,
2035 2677 2148 2761 qui

113 2757 205 2822 ad
264 2780 342 2822 ea
394 2769 576 2834 recte
633 2759 1097 2846 sapienterque
1141 2757 1446 2846 obeunda
1489 2781 1641 2826 vere
1685 2758 1908 2827 idonei
1952 2759 2150 2828 habe-

60 2839 66 2854 “
115 2860 328 2936 antur.
431 2843 821 2912 Cuiusmodi
875 2845 1221 2946 prudentia
1269 2854 1469 2996 atgue
1508 2845 1947 2935 intelligentia
1988 2850 2151 2933 quo-

113 2929 288 2996 niam
347 2953 387 2996 a
448 2933 640 2997 novis
699 2931 985 3016 colon1s‚
1050 2930 1163 3018 qui
1201 2953 1493 3016 nonsum
1536 2932 1839 3019 publicas
1883 2953 1989 3000 res
2032 2957 2163 3010 no-,

112 3025 388 3100 verunt,
449 3017 565 3082 ‘vix
606 3025 829 3104 potest
872 3015 1237 3104 expectari,
1297 3017 1409 3102 qui
1453 3016 1537 3082 ab
1581 3017 1770 3083 initio
1815 3019 1885 3082 in
1927 3025 2151 3100 nostra

111 3101 380 3167 civitate
441 3101 734 3190 deligant
783 3111 853 3173 et
915 3101 1356 3168 constituant
1385 3125 1493 3166 ma
1543 3102 1844 3189 ‘stratus,
1908 3101 2148 3188 partim

109 3185 498 3272 arcessendi
563 3198 749 3272 sunt
785 3179 1068 3270 aliunde.
1186 3188 1420 3272 Itaque
1564 3185 1772 3273 nosii,
1848 3186 2147 3253 coloniae

102 3281 458 3357 auctores,
502 3273 778 3362 rogandi
836 3282 1064 3356 erunt,
1111 3281 1186 3337 ut
1227 3272 1352 3339 hac
1410 3274 1480 3340 in
1531 3296 1601 3340 re
1659 3271 1849 3339 novis
1875 3271 2149 3340 -civibns

105 3359 356 3425 nostris
399 3359 611 3426 velint
653 3360 929 3428 consilio
973 3369 1170 3443 atque
1216 3359 1422 3446 opera
1460 3366 1582 3426 'sua
1624 3358 1873 3425 adesse.
1961 3353 2148 3443 Quo-

105 3445 328 3510 circa·
359 3445 684 3534 principio
757 3445 1244 3514 constituantur
1295 3447 1597 3532 'triginta
1675 3467 1745 3510 se
1794 3453 1928 3510 tem
1996 3445 2149 3529 viri,

105 3529 358 3616 quibus
409 3531 629 3620 legum
699 3553 857 3600 cura
921 3528 1376 3614 demandetur,
1454 3553 1667 3616 usque
1777 3555 1887 3596 um
1943 3533 2149 3599 nostri

107 3616 302 3682 cives
321 3617 503 3684 novis
534 3617 794 3709 legibus
823 3616 1177 3684 assuefacti
1197 3637 1563 3702 eorumque
1580 3616 1769 3684 liberi
1803 3613 1903 3684 ad·
1916 3615 2145 3686 harum

100 3701 434 3768 rationem
497 3703 760 3772 educati
817 3714 883 3770 et
933 3702 1220 3771 instituti
1262 3701 1523 3772 fuerint.
1612 3701 1885 3770 Illorum
1927 3713 2144 3772 autem

103 3787 523 3878 undeviginti
568 3813 651 3856 ex
673 3788 945 3866 ‘colonis
991 3787 1384 3876 deligantur,
1421 3787 1786 3856 octodecim
1812 3792 1970 3856 {tero
2012 3789 2147 3858 sint

103 3871 386 3960 Gnosii,
450 3875 690 3961 quibus
743 3877 847 3943 ius
905 3896 1116 3940 novae
1172 3873 1455 3950 civitatis
1518 3875 1947 3966 impertiatur.
2049 3873 2143 3940 Hi

107 3963 314 4050 igitur
369 3962 800 4030 communiter
860 3962 1079 4050 legum
1141 3959 1551 4046 publicarum
1607 3983 1827 4029 curam
1886 3969 2141 4050 gerant,

105 4067 322 4132 usque
379 4047 537 4114 dum
591 4050 678 4116 ab
733 4051 756 4114 i
805 4071 880 4116 sa
923 4047 1192 4126 civitate
1243 4046 1505 4115 institui
1546 4048 1762 4134 possit
1803 4046 2143 4134 magistra-

109 4143 292 4198 tuum
345 4135 623 4215 ,c-reatio.
796 4157 831 4201 e
887 4133 1075 4201 cuius
1130 4131 1381 4201 ratione
1436 4133 1599 4200 haec
1642 4131 1951 4200 videntur
1992 4151 2142 4198 san-
2176 4199 2191 4226 0

109 4217 342 4285 cienda
384 4241 548 4289 esse.
625 4218 1107 4308 Suffragiorum
1149 4217 1251 4286 ius
1295 4230 1441 4288 esto
1485 4239 1689 4307 penes
1734 4239 1849 4284 eos
1890 4237 2141 4302 omnes,
