2857 4738
863 341 990 406 m:
1040 335 1457 432 LEGIBUS
1507 357 1628 406 ete.
1687 293 1709 366 Ῑ
2063 340 2256 408 xcv

196 531 455 594 aspera,
506 512 766 595 scabra,
817 511 1057 584 hiulca,
1105 524 1177 576 ut
1222 533 1427 598 prope
1475 505 1758 578 videaris
1802 513 1990 578 inter.
2037 513 2257 600 legen-

194 593 342 660 dum
397 596 469 660 in
519 595 965 682 opere'foede
1007 597 1734 683 corrupto‘misereque
1761 597 2051 662 lacerato
2111 621 2256 663 ver-

190 681 333 746 sari.
436 681 669 748 Habet
715 681 943 746 eadem
988 683 1764 768 multiplices-verborum
1814 683 2255 767 traiectiones,

188 766 553 832 inchoatae
598 769 949 832 verborum
994 767 1508 834 constructionis
1539 769 2095 853 perturbationeS,
2146 793 2258 836 va·

188 852 441 917 riarum
487 853 809 936 loquendi
855 854 1209 917 formarum
1258 854 1683 920 confusiones
1746 863 1812 918 et
1857 855 2050 938 quasi
2095 855 2257 922 mix-

188 947 403 1020 turae,
484 937 773 1022 denique
818 959 997 1004 raras
1062 948 1131 1004 et
1194 939 1555 1004 insolentes
1623 939 1942 1022 loquendi
2014 940 2258 1008 formas

188 1024 659 1108 cuiuscunque
719 1024 1017 1112 generis,
1076 1047 1319 1110 easque
1376 1046 1603 1090 omnes
1665 1024 1834 1090 adeo
1899 1024 2098 1092 dense
2145 1050 2254 1095 ac-

189 1109 573 1174 cumulatas
634 1118 831 1193 atque
873 1111 1344 1198 *constipatam
1408 1119 1487 1174 ut
1559 1121 2030 1195 saepenumero
2103 1113 2256 1178 inde

188 1217 522 1280 perquam
582 1195 808 1282 ¹tristis
884 1205 951 1258 et
1024 1194 1321 1260 insuavis
1381 1195 1588 1261 facies
1670 1197 1810 1261 eius
1899 1197 2254 1266 oboriatur.

192 1281 383 1364 Quin
484 1280 679 1346 etiam
767 1280 1025 1368 periodi
1128 1290 1414 1347 ceterum
1519 1289 1697 1345 recte
1811 1295 2102 1348 structae
2192 1295 2259 1348 et

192 1366 612 1452 compositae
690 1388 1163 1451 saepenumero
1236 1365 1403 1433 adeo
1466 1375 1622 1433 sunt
1695 1364 2038 1450 difficiles,
2100 1391 2256 1432 con-

192 1465 419 1518 tortae
476 1474 555 1516 ac
606 1452 991 1537 perplexae,
1070 1463 1147 1516 ut
1202 1451 1354 1516 ideo
1414 1451 1837 1516 vehementer
1906 1451 2256 1539 displicere

194 1538 510 1604 debeant.
613 1536 907 1618 Quarum
977 1536 1240 1620 quidem
1288 1535 1588 1620 exempla
1629 1536 1687 1602 si
1736 1537 1882 1621 quis
1933 1539 2254 1622 requirat,

194 1631 551 1712 percurrat
624 1625 681 1688 is
737 1623 845 1688 vel
905 1624 1139 1688 levit-er
1254 1621 1778 1688 Commentarios
1837 1625 2094 1690 nostros
2152 1624 2257 1688 vel

196 1711 401 1776 etiam
444 1707 763 1792 inspiciat
820 1731 989 1792 quae
1050 1709 1119 1772 in
1164 1706 1509 1772 Indicibus
1561 1707 1643 1772 ad
1689 1727 1801 1774 eos
1848 1709 2258 1774 concinnatis

196 1795 401 1862 variis
460 1792 664 1876 locis,
729 1793 930 1866 veluti
992 1816 1043 1858 s.
1090 1819 1151 1860 v.
1258 1792 1579 1880 Enallage
1643 1803 1708 1858 et
1763 1794 2256 1876 Anacoluthon,

196 1879 774 1964 consignavimuS,
818 1901 897 1942 ac
943 1879 1135 1944 facile
1180 1878 1451 1960 videbit,
1501 1878 1662 1962 quid
1705 1879 1802 1942 rei
1847 1879 1952 1945 sit.
2043 1879 2257 1949 Nimi-

198 1989 343 2031 rum
390 1965 485 2028 ita
528 1974 659 2028 est:
706 1963 909 2028 habet
940 1964 1137 2029 etiam
1183 1965 1534 2028 continuae
1565 1962 1880 2030 orationis
1923 1973 2259 2031 structura

202 2060 269 2116 et
297 2048 699 2135 compositio
732 2058 989 2114 tantum
1034 2049 1409 2135 asperitatis
1458 2070 1536 2112 ac
1571 2048 2007 2132 difficultatis,
2058 2060 2133 2116 ut
2161 2051 2256 2116 fa-

208 2137 523 2202 cilitatem
589 2135 767 2199 illam
812 2135 1128 2202 sermonis
1174 2133 1506 2198 Platonici
1553 2133 1620 2196 in
1667 2135 1810 2220 ipsa
1855 2136 2096 2218 passim
2143 2135 2256 2200 de·

210 2221 453 2288 sidetes
477 2221 827 2305 --facileque
873 2219 1230 2310 suspiceris
1272 2218 1662 2302 scriptorem
1715 2219 2080 2303 elegantiae
2138 2221 2256 2286 mi-

215 2329 341 2373 nus
382 2307 587 2373 fuisse
632 2305 984 2373 curiosum.

388 2480 605 2563 Atque
679 2478 844 2545 haec
918 2477 1181 2564 quidem
1255 2499 1458 2562 quum
1526 2478 1620 2543 ita
1709 2499 1854 2543 sese
1949 2476 2256 2562 habeant,

216 2572 445 2649 sponte
501 2566 796 2638 nascitur
841 2569 1141 2650 quaestio
1188 2566 1409 2651 gravis
1469 2586 1624 2633 sane
1697 2586 1775 2628 ac
1821 2562 2257 2647 subdifficilis,

213 2650 325 2735 qui
382 2648 647 2715 tandem
706 2651 850 2715 fieri
908 2650 1235 2737 potuerit,
1283 2659 1358 2713 ut
1415 2649 1608 2716 Plato
1657 2649 1854 2713 talem
1901 2650 2260 2727 orationem

212 2734 576 2823 effingeret.
669 2734 993 2801 Videmur
1050 2744 1268 2800 autem
1321 2735 1584 2801 minime
1625 2757 1875 2818 errare,
1925 2735 2120 2801 huius
2165 2736 2261 2801 rei

210 2843 485 2889 caussas
522 2817 685 2887 satis
732 2821 1107 2908 probabiles
1149 2821 1385 2906 par-tim
1434 2844 1514 2885 ex
1563 2823 1708 2907 ipsa
1753 2821 1970 2907 operis
2015 2821 2260 2903 indole,

208 2908 449 2993 partim
498 2907 692 2972 etiam
739 2930 820 2971 ex
863 2916 1269 2991 temporum,
1317 2907 1556 2991 quibus
1603 2907 2038 2993 compositum
2082 2905 2262 2970 vide-

205 3000 349 3075 tur,
418 2992 786 3057 rationibus
832 2993 1039 3079 repeti
1084 3014 1317 3077 posse,
1366 2990 1722 3057 dummodo
1771 3013 1995 3057 eorum
2039 2990 2262 3055 memi-
2348 3037 2356 3043 .

205 3080 534 3161 nerimuS,
584 3101 752 3162 quae
800 3076 881 3142 de
927 3079 1065 3142 eius
1114 3076 1478 3163 originibus
1527 3087 1728 3161 atque
1774 3077 1928 3141 fatis
1977 3075 2262 3157 antiqui-

206 3174 316 3229 tus
380 3163 731 3227 memoriae
789 3162 1053 3249 prodita
1126 3171 1300 3227 sunt.
1419 3160 1523 3225 De
1585 3184 1714 3245 qua
1774 3182 1844 3224 re
1913 3158 2040 3223 hoc
2115 3158 2262 3224 loco

208 3248 450 3334 paucis
511 3271 838 3334 exponere
898 3270 1028 3312 non
1088 3270 1127 3311 a
1184 3269 1253 3311 re
1314 3246 1598 3313 alienum
1656 3244 1936 3310 videtur.
2027 3242 2263 3329 Itaque

206 3336 495 3435 primum
540 3333 805 3417 quidem
850 3331 964 3396 illa
1009 3332 1324 3398 orationis
1367 3332 1530 3396 vitia
1568 3330 1748 3415 quod
1792 3328 2048 3413 attinet,
2097 3352 2264 3413 quae

206 3442 277 3485 in
338 3420 653 3507 perplexo
717 3440 795 3483 ac
870 3416 1124 3486 difficili
1181 3418 1473 3501 itemque
1527 3416 1594 3480 in
1655 3414 1896 3481 diffuso
1943 3425 2058 3481 aut
2100 3414 2265 3481 male

208 3504 529 3572 affectato
588 3503 851 3569 dicendi
898 3512 1138 3591 genere
1184 3512 1575 3582 cernuntur,
1639 3501 1946 3566 videntur
1991 3522 2266 3567 caussae

208 3600 281 3657 et
340 3590 633 3677 origines
693 3612 919 3655 eorum
976 3590 1255 3655 maxime
1321 3586 1740 3672 quaerendae
1787 3610 1931 3653 esse
1976 3587 2046 3651 in
2093 3584 2267 3650 diffi-

212 3676 489 3759 cultate,
548 3697 831 3759 quaeum
876 3697 1007 3740 non
1050 3674 1249 3739 modo
1295 3674 1451 3739 novi
1497 3672 1864 3759 argumenti
1908 3672 1975 3736 in
2017 3672 2268 3771 legum-

211 3761 463 3827 latione
508 3760 821 3847 occupati
864 3760 1197 3841 tractatio,
1250 3757 1367 3823 sed
1412 3759 1608 3823 etiam
1655 3756 1908 3823 alienae
1955 3756 2266 3836 orationis

212 3848 493 3931 eiusque
532 3847 837 3911 insuetae
883 3846 1234 3931 expressio
1268 3855 1470 3927 atque
1512 3843 1818 3925 imitatio,
1884 3838 2269 3941 praesertim

212 3942 353 3999 tam
396 3930 635 4019 grandi
664 3939 1023 4005 senectute,
1056 3953 1095 3994 a
1140 3925 1466 4015 scriptore
1509 3939 1848 4014 suscepta,
1893 3948 1962 3989 m
2007 3926 2110 3989 Le
2204 3947 2268 3987 m

215 4038 419 4103 opere
476 4018 620 4084 sine
685 4016 887 4083 dubio
960 4016 1313 4081 coniuncta
1354 4015 1501 4079 fuit.
1592 4012 1786 4077 Fecit
1829 4011 2002 4075 enim
2053 4012 2102 4073 P
2137 4017 2268 4090 ato,

214 4112 293 4168 ut
336 4100 1109 4191 supra'memoravimus,
1153 4102 1222 4166 in
1267 4100 1377 4177 his⁸
1410 4098 1602 4164 libris
1647 4096 1970 4175 Cliniam,
2029 4092 2270 4181 Megil-

213 4189 349 4254 lum
416 4200 483 4256 et
548 4188 875 4275 hospitem
949 4186 1427 4252 Atheniensem
1499 4182 1584 4248 de
1661 4178 2124 4266 legumlatione
2178 4179 2270 4242 ita
