2857 4738
81 4175 88 4413 W.—

667 344 792 410 249.
1291 366 1296 375 ·
1341 333 2037 404 ARGUMENTUM

669 512 955 579 <lendum
1001 509 1288 590 censuit,
1334 508 1452 575 sed
1497 518 1644 577 tota
1688 510 1884 575 armis
1926 521 2159 575 ornata
2204 534 2351 577 sese
2402 508 2485 575 ad
2525 530 2685 597 pera-

671 598 955 687 gendam
1013 592 1427 663 saltationem
1488 596 1794 663 accinxit.
1885 594 2087 677 Quod
2128 597 2369 661 imitari
2415 598 2685 661 convenit

670 706 911 772 pueros
953 691 1024 748 et
1065 680 1320 767 puellas
1363 678 1529 763 deae
1570 683 1845 769 gratiam
1890 683 2113 769 magni
2154 682 2473 749 facientes
2508 703 2678 765 quum

676 771 762 836 ob
791 790 984 835 usum
1007 767 1314 833 bellicum
1360 774 1502 830 tum
1546 768 1865 833 festorum
1909 766 2159 833 dierum
2202 790 2456 834 caussa.
2528 766 2674 831 Nam

677 876 920 941 pueros
983 854 1211 934 decet,
1274 846 1589 936 quamdiu
1642 851 1933 918 nondum
1990 854 2059 919 in
2124 852 2373 919 bellum
2450 852 2671 938 profici·-
2729 854 2739 859 ’

677 948 977 1021 scuntur,
1029 938 1224 1004 armis
1281 945 1350 1001 et
1394 939 1583 1021 equis
1627 936 1897 1004 ornatos
1946 937 2032 1002 ad
2060 938 2336 1004 deorum
2370 937 2581 1022 templa
2614 944 2670 999 et

679 1047 828 1093 aras
888 1025 1214 1090 solemnes
1271 1022 1513 1088 ducere
1570 1048 1723 1111 pom
1774 1044 1847 1089 as
1902 1046 2051 1089 cum
2108 1024 2587 1104 saltationibus,
2620 1036 2677 1085 et

677 1113 850 1177 inter
893 1132 1005 1175 eas
1059 1108 1190 1174 diis
1231 1106 1641 1195 deorumque
1694 1110 1739 1172 fi
1763 1110 1847 1174 iis
1901 1108 2449 1195 supplicationes¹
2478 1110 2675 1173 faeere.

682 1197 1038 1262 Praeterea
1095 1194 1407 1259 convenit
1466 1195 1665 1259 etiam
1732 1196 2105 1275 certamina,
2144 1218 2225 1260 ac
2295 1192 2677 1260 certaminum

682 1280 1136 1369 praelusiones
1190 1278 1469 1343 institui.
1505 1360 1511 1365 ἱ
1576 1280 1769 1345 Haec
1828 1280 2003 1345 enim
2052 1281 2275 1346 omnia
2320 1278 2495 1345 domi
2531 1276 2679 1342 belli·

685 1390 814 1453 que
869 1365 1061 1432 utilia
1119 1372 1309 1442 sunt3
1369 1364 1499 1429 alia
1554 1387 1711 1433 vero
1768 1365 2073 1451 ingenuis
2132 1374 2313 1431 certe
2353 1362 2681 1433 hominibus

684 1452 992 1519 videntur
1047 1472 1194 1517 esse
1269 1449 1547 1537 indigna
1609 1451 1718 1536 (p.
1766 1453 1912 1515 795.
1970 1450 2058 1515 D.
2102 1488 2190 1499 -
2238 1452 2405 1517 796:
2446 1450 2582 1533 D.).
2618 1482 2681 1493 ——-

686 1538 778 1603 Et
851 1538 1016 1603 haec
1089 1534 1356 1620 quidem
1430 1534 1513 1600 de
1583 1535 2018 1623 gymnastiea.
2136 1536 2460 1621 Sequitur
2510 1542 2575 1598 ut
2620 1530 2685 1595 de

688 1622 940 1689 musica
997 1640 1172 1697 nunc
1225 1620 1599 1687 adiicienda
1642 1622 1797 1703 sint,
1844 1634 2013 1706 q‘uae
2054 1623 2127 1687 in
2170 1619 2601 1707 superioribus
2634 1616 2686 1699 ¹⁸)

691 1706 1267 1794 praetermisimus.
1369 1706 1463 1771 Et
1515 1706 1631 1791 hicv
1680 1706 1947 1793 quidem
2006 1716 2161 1773 ante
2214 1708 2439 1773 omnia
2482 1699 2688 1787 aliquid

691 1788 1240 1858 commonendum
1295 1798 1433 1874 est,
1505 1792 1689 1875 quod
1764 1792 1965 1880 vulgo
2032 1802 2278 1858 temere
2352 1790 2687 1881 negligitur.

691 1876 852 1944 Non
907 1876 1070 1943 satis
1115 1875 1286 1941 enim
1328 1881 1639 1963 reputant
1692 1878 2029 1962 plerique,
2102 1888 2423 1965 quantum
2447 1876 2546 1941 'sd
2582 1894 2690 1937 mo·

693 1984 800 2028 res
859 1962 1197 2027 hominum
1255 1970 1323 2025 et
1378 1963 1649 2049 ingenia
1702 1964 1980 2044 referat,
2038 1980 2111 2027 ut
2168 1964 2371 2032 etiam
2429 1960 2692 2028 ludorum

693 2070 774 2114 ac
831 2047 1321 2113 solemnitatum
1385 2047 1709 2130 quaedam
1754 2058 2054 2114 servetur
2098 2049 2480 2125 constantia
2516 2056 2577 2113 et
2610 2064 2695 2107 ae·

695 2132 1078 2218 quabilitas.
1181 2130 1333 2199 Hoc
1390 2133 1609 2219 ipsum
1652 2154 1809 2199 vero
1854 2144 1929 2199 ut
1972 2134 2338 2220 efficiatur,
2384 2156 2555 2199 more
2590 2132 2695 2195 Ae-

697 2220 1078 2307 gyptiorum
1141 2218 1352 2283 omnis
1415 2240 1641 2283 eorum
1706 2220 1879 2293 ⁸ratio
1936 2218 2063 2286 diis
2122 2218 2567 2287 consecranda
2614 2236 2696 2280 so·-

695 2306 1027 2390 lemnique
1085 2304 1216 2373 ritu
1271 2303 1629 2369 sancienda.
1672 2312 1807 2387 est,
1850 2304 1923 2369 id
1966 2305 2145 2390 quod
2190 2306 2515 2392 imprimis
2550 2304 2611 2367 in
2643 2318 2697 2363 re

696 2392 949 2458 musica
1001 2391 1096 2458 ita
1149 2389 1523 2456 faciendum
1578 2391 1672 2474 (p.
1717 2393 1863 2455 796.
1911 2392 1992 2456 Ε.
2042 2429 2125 2440 -
2156 2395 2321 2458 798.
2368 2393 2502 2476 Ε.).
2593 2387 2697 2451 Ita·

699 2499 830 2562 que
877 2498 1108 2542 omnes
1153 2475 1565 2542 saltationes·
1588 2483 1785 2559 atque
1835 2485 2069 2542 cantus
2102 2477 2535 2564 religionibus
2574 2493 2698 2538 con·

699 2562 940 2628 sectari
1001 2560 1266 2626 debent.
1367 2559 1873 2626 Constituantur
1930 2579 2088 2649 ergo
2131 2562 2419 2647 primum
2466 2561 2595 2625 dies
2624 2557 2699 2620 fe·

701 2647 812 2727 sti,
861 2667 940 2714 ac
983 2644 1372 2727 definiatur,
1434 2645 1705 2729 quinam
1750 2656 1818 2711 et
1862 2657 2029 2731 quot
2070 2669 2349 2714 numero
2394 2646 2526 2712 sint
2564 2643 2697 2710 cele-e

700 2727 971 2812 brandi,
999 2813 1013 2827 ο
1035 2727 1272 2793 deinde
1331 2751 1466 2812 quo
1522 2742 1813 2817 tempore
1870 2732 2190 2815 obeundi,
2262 2731 2547 2816 denique
2612 2725 2697 2812 qui

703 2819 940 2884 cantus
993 2836 1066 2878 111
1123 2834 1388 2897 quoque
1446 2814 1721 2881 deorum
1762 2818 2089 2885 sacrificio
2132 2817 2461 2884 fundendi
2500 2817 2619 2882 sint
2648 2819 2700 2875 et

703 2899 944 2984 quibus
1000 2898 1497 2966 saeztltationibus.⁸
1518 2903 2035 2988 unumquodque
2078 2903 2479 2970 sacrificium
2522 2895 2701 2966 ornari

703 2987 808 3052 fas
853 2985 964 3049 sit.
1053 2983 1316 3066 Quibus
1361 2986 1761 3070 constitutiS,
1810 2990 1993 3068 cives
2038 3011 2265 3055 omnes
2312 2985 2704 3056 communiter
2738 2987 2753 3000 ‘

703 3069 931 3162 Parcis
973 3069 1378 3154 reliquisque
1423 3071 1550 3137 diis
1596 3073 1897 3140 omnibus
1940 3075 2399 3147 sacrificantes
2426 3084 2491 3139 et
2530 3072 2702 3136 liban·

703 3165 803 3224 tes
849 3177 1231 3222 consecrare
1278 3165 1543 3240 oportet
1584 3167 1803 3224 certos
1849 3159 2169 3244 quosdam
2216 3171 2488 3237 cantus3
2531 3159 2615 3222 ita
2648 3159 2705 3217 ut
2764 3193 2774 3206 ·

703 3241 974 3328 impium
1051 3241 1412 3322 habeatur,
1472 3241 1533 3307 si
1576 3243 1724 3326 quis
1769 3245 1853 3310 ab
1901 3245 2005 3312 his
2048 3245 2299 3312 rituum
2342 3245 2589 3332 legibus
2626 3255 2705 3304 ar·

703 3325 952 3392 bitratu
1007 3347 1132 3392 suo
1171 3325 1334 3390 velit
1373 3325 1741 3412 discedere,
1784 3338 1983 3418 atque
2026 3329 2230 3414 adeo,
2294 3327 2597 3416 quamdiu
2630 3323 2705 3388 vi·

703 3419 850 3495 vat,
909 3412 1084 3476 actio
1139 3410 1410 3510 publica.
1464 3412 1530 3476 in
1580 3435 1730 3479 eum
1772 3417 2093 3502 permissa
2134 3417 2241 3482 sit.
2328 3413 2706 3499 Quamquam
2771 3425 2774 3472 ἢ

705 3493 870 3562 haec
913 3517 1018 3562 res
1060 3504 1290 3580 utique
1333 3495 1539 3584 digna
1580 3507 1715 3580 est,
1776 3521 1947 3586 quae
1990 3501 2363 3588 religiosius
2418 3493 2706 3586 expendu-

705 3587 814 3644 ιω·
885 3580 1002 3644 dili
1053 3581 1402 3667 entiusque
1472 3583 1946 3656 consideretur.
2016 3588 2218 3654 Nunc
2272 3585 2525 3653 iuvabit
2572 3599 2707 3668 pau·

707 3665 804 3730 eis
848 3603 1235 3749 absofvisse,
1282 3689 1453 3751 quae
1494 3665 1577 3734 de
1620 3671 1871 3738 musica
1914 3693 2245 3758 exponere
2288 3668 2707 3758 constituimus

710 3751 805 3836 (p.
874 3752 1020 3816 798.
1064 3750 1144 3817 Ε.
1191 3789 1274 3800 --
1320 3755 1467 3818 799.
1515 3753 1667 3838 Ε.).
1712 3793 1795 3804 --
1845 3785 1859 3796 «
1918 3758 2159 3843 Itaque
2216 3756 2419 3842 νόμοι
2475 3756 2577 3838 (m
2596 3746 2704 3814 0d1

709 3857 836 3910 mu
853 3834 1064 3938 sici)
1127 3836 1322 3904 nobis
1363 3859 1631 3904 revera
1704 3840 1839 3907 sint
1906 3843 2180 3928 leges,
2257 3841 2701 3919 sananturque,

706 3943 792 3986 ne
836 3943 985 4007 quis
1040 3930 1304 4008 praeter
1355 3928 1590 3991 cantus
1635 3927 1938 4010 publicos
1970 3951 2049 3995 ac
2092 3951 2315 3996 sacros
2344 3927 2703 4012 universam·

811 4192 869 4254 *)
903 4194 1056 4246 Libri
1090 4195 1164 4247 11.
