2857 4738
692 328 732 391 4
1363 317 2061 388 ARGUMENTUM

697 494 838 569 suis
881 491 1153 557 adiuvet
1171 540 1192 573 ,
1259 488 1585 575 siquidem
1627 488 1779 556 talis
1824 488 1924 554 vir
1967 488 2173 556 instar
2216 487 2570 556 multorum
2612 488 2711 569 sit,

698 578 824 665 qui.
854 578 1166 644 iustitiam
1210 584 1535 641 tueantur.
1626 573 1925 645 Eandem
1964 576 2281 642 rationem
2328 573 2527 643 etiam
2566 583 2711 657 tem-2

699 665 1033 753 perantiae
1053 712 1072 747 ,
1133 660 1557 747 prudentiae,
1639 670 2132 760 ceterarumque
2214 661 2529 737 virtutum
2586 682 2713 725 esse

701 750 1088 833 arbitratur,
1135 770 1297 833 quas
1343 747 1457 833 qui
1493 769 1642 811 eum
1686 746 1831 811 aliis
1860 768 2055 829 quasi,
2078 744 2541 828 eommunicet,
2586 769 2713 821 enm

698 838 1082 925 longissime
1136 845 1362 909 censet
1428 831 1955 919 anteponendum
2023 856 2169 901 esse
2232 830 2365 913 illi,
2442 832 2555 916 qui
2618 854 2713 898 eas

747 947 821 989 ro
877 946 950 994 se
1005 920 1313 1007 privatim
1385 919 1599 1001 eolat,
1682 940 2077 1002 quamquam
2118 941 2243 985 nee
2286 917 2467 993 hune
2512 916 2719 983 debita.

729 1005 898 1077 aude
953 1005 1371 1093 spoliandum
1439 1027 1584 1071 esse
1666 1004 2017 1081 existimat.
2073 1070 2079 1076 ,
2155 1003 2445 1071 Omnino
2519 1013 2711 1067 autem

704 1095 882 1161 cives
943 1093 1295 1159 arbitratur
1350 1090 1445 1156 ita
1490 1088 1764 1155 affectos
1806 1112 1951 1157 esse
1994 1086 2332 1176 oportere,
2380 1099 2456 1160 ut
2494 1090 2711 1175 quibus

704 1180 896 1248 bonis
953 1200 1032 1243 ao
1091 1176 1445 1265 virtutibus
1502 1175 1633 1261 ipsi
1686 1176 1822 1241 sint
1877 1174 2195 1261 praediti,
2256 1174 2495 1261 iisdem
2530 1177 2711 1241 etiam

705 1262 870 1333 alios
929 1264 1202 1351 cupiant
1259 1283 1406 1339 esse
1468 1260 1829 1347 praeditos,
1878 1284 2090 1346 neque
2130 1261 2393 1332 invidia
2438 1262 2615 1327 eain
2655 1281 2715 1325 re

705 1352 838 1421 ulla
883 1350 1245 1427 ducentum
1272 1380 1280 1391 ·
1307 1370 1535 1415 omnes
1589 1348 1761 1413 enim
1804 1358 2115 1433 tanquam
2158 1347 2513 1421 certamine
2570 1369 2711 1430 quo-

638 1503 647 1512 ,
707 1436 860 1503 dam
921 1436 1226 1504 instituto
1285 1432 1372 1499 ad
1442 1456 1645 1517 quam
1710 1434 2053 1499 maximam
2144 1434 2410 1501 ,virtutis
2484 1431 2717 1505 laudem

707 1522 1110 1591 contendere
1187 1519 1387 1604 idque
1462 1519 1606 1591 sine-
1658 1518 1907 1585 invidia
1963 1518 2189 1585 faeere·
2250 1509 2591 1605 plurimum
2644 1512 2719 1603 ad-

705 1608 1110 1696 reipublicae
1157 1606 1443 1673 salutem
1474 1605 1819 1685 interesse.
1914 1604 2269 1677 Praeterea
2309 1614 2713 1688 unumquem-

711 1718 838 1782 que
882 1702 1219 1761 eenset²et
1274 1690 1653 1757 iracundiae
1698 1705 1764 1755 et
1805 1690 2115 1767 lenitatis¹
2202 1690 2543 1776 artieipem
2596 1708 2714 1753 esse

710 1789 1050 1883 oportere,
1110 1774 1648 1863 quandoquidem
1708 1799 2025 1863 generosa
2076 1777 2148 1845 in
2194 1777 2533 1864 ignatione
2568 1781 2713 1861 ‚opus

712 1877 802 1933 sit
845 1865 931 1933 ad
973 1862 1437 1958 castigandam⁸
1485 1862 1819 1930 hominum
1865 1862 2250 1928 insolenter
2279 1863 2717 1931 iniuriosomm

710 1951 1302 2037 importunitatem3
1379 1949 1651 2017 lenitate
1729 1968 1949 2013 antem
2028 1948 2467 2035 indigeamus,
2536 1944 2715 2015 sicubi

711 2038 994 2105 iniuriae
1037 2036 1244 2102 veluti
1289 2035 1617 2105 sanabiles
1660 2032 1849 2103 nobis
1896 2034 2117 2101 illatae
2146 2034 2331 2113 ·s‚int;
2392 2035 2533 2101 has¹
2571 2030 2713 2097 enim

714 2122 972 2193 admitti
1026 2123 1161 2191 fere
1213 2145 1339 2208 ,per
1395 2120 1939 2207 imprudentiam,
1990 2115 2537 2205 quandoquidem
2576 2116 2715 2184 iniu-

714 2220 858 2279 stus
901 2209 1110 2279 omnis
1169 2206 1412 2278 invitus
1481 2205 2015 2293 imprudensque,
2046 2217 2325 2291 peccet,
2388 2216 2463 2271 ut
2530 2202 2716 2290 potius

716 2294 1162 2364 misericordia
1205 2316 1400 2380 quam
1445 2294 1543 2357 ira
1580 2292 1825 2381 dignus
1870 2287 2209 2376 videatur,
2256 2292 2565 2378 quoniam
2606 2309 2713 2353 ma-

714 2385 890 2450 ximo
936 2382 1136 2448 animi
1179 2377 1349 2451 malo
1390 2381 1663 2446 laboret.
1711 2417 1793 2428 --
1878 2379 2083 2446 Porro
2120 2380 2394 2446 nimium
2438 2379 2538 2445 sui
2570 2395 2715 2442 amo<

715 2494 854 2536 rem
874 2518 894 2553 ,
955 2477 1184 2553 utpote
1242 2467 1492 2530 fontem
1538 2473 1604 2530 et
1646 2465 2041 2552 principium
2084 2466 2605 2552 turpissimorum
2641 2457 2717 2524 vi·

718 2556 984 2636 tiorum,
1029 2552 1344 2618 refrenari
1386 2551 1577 2618 iubet
1622 2551 2116 2635 quammaxime.
2209 2553 2338 2619 Per
2386 2575 2527 2618 eum
2574 2546 2714 2612 enim

717 2642 846 2706 hoe
889 2637 1066 2706 effici
1110 2637 1492 2718 arbitratur,
1535 2646 1612 2702 ut
1654 2637 1949 2704 confusis
1998 2638 2151 2704 boni
2200 2647 2281 2703 et·
2302 2636 2559 2706 honesti
2596 2628 2713 2696 fini-

717 2727 868 2808 bus,
903 2721 1452 2810 magnifioentius,
1501 2746 1695 2806 quam
1721 2745 1855 2809 par·
1874 2724 1982 2805 sit,
2030 2722 2113 2790 de
2142 2724 2339 2791 nobis
2380 2720 2715 2802 nostrisque

719 2811 942 2886 rebus,
985 2807 1378 2891 sentiamus,
1465 2818 1665 2894 atque
1718 2808 1887 2874 adeo
1944 2809 2391 2897 ignorantiam
2458 2815 2713 2878 nostram

720 2920 843 3048 gro
891 2894 1224 2982 ‚sapientia
1247 2967 1255 2973 ,
1278 2892 1712 2970 venditemuS.
1757 2969 1765 2978 ,
1812 2893 2041 2960 Etiam·
2092 2895 2173 2960 de
2237 2897 2438 2970 rebus
2481 2891 2714 2980 quibus-

769 3007 872 3048 am
916 2980 1298 3070 vulgaribus
1331 3003 1464 3044 non
1508 2981 1740 3046 inutile
1784 2991 2011 3053 censet
2052 2979 2413 3050 identidem
2459 2971 2715 3046 admoni-

720 3067 936 3137 tiones
994 3065 1312 3153 quasdam
1368 3067 1725 3166 impertiri,
1796 3067 2001 3133 veluti
2071 3066 2539 3138 abstinendum.
2596 3078 2717 3129 esse

720 3151 1147 3222 immoderato
1191 3153 1329 3220 risu
1371 3175 1701 3238 nimioque
1762 3152 1922 3220 fletu
1982 3162 2053 3223 et
2094 3153 2321 3240 gaudii
2365 3152 2602 3240 pariter
2638 3153 2717 3239 εἰς
2762 3195 2765 3201 .

723 3264 854 3327 que
926 3239 1172 3306 doloris
1262 3239 1767 3328 intemperantia
1844 3240 2047 3319 vitata
2124 3235 2435 3306 decorum
2497 3249 2717 3304 servan

725 3334 1048 3412 oportere.
1151 3323 1463 3408 Denique
1522 3325 1591 3413 in
1630 3325 1859 3392 .rebus
1925 3323 2221 3396 adversis
2239 3357 2269 3408 χ
2292 3331 2515 3393 monet
2580 3312 2719 3404 illud

725 3433 984 3498 semper
1049 3409 1322 3477 firmiter
1380 3433 1525 3476 esse
1554 3465 1557 3470 .
1582 3411 1815 3478 animis
1861 3410 2274 3478 retinendum
2293 3443 2319 3494 ,·
2378 3411 2583 3477 virum
2622 3403 2719 3499 bq-

725 3520 883 3565 num
941 3519 980 3562 a
1027 3495 1174 3562 Deo
1236 3519 1366 3564 non
1425 3495 1642 3564 deseri
1686 3519 1897 3582 neque
1940 3498 2203 3564 virtutis
2244 3491 2409 3564 suae
2445 3487 2719 3582 praemils

724 3604 1014 3667 unquam
1056 3581 1387 3681 *spoliari3
1427 3583 1651 3666 itaque
1689 3583 1865 3678 bonp,
1908 3607 2061 3656 eum
2101 3605 2133 3648 s
2184 3606 2223 3648 e
2262 3593 2465 3667 atque
2506 3571 2720 3649 fiducia

725 3667 953 3734 auxilii
1009 3665 1216 3749 divini
1273 3667 1406 3732 vivi
1456 3679 1763 3756 ¹oportere
1781 3717 1801 3750 ,
1864 3669 1951 3734 ad
1992 3692 2115 3737 ean
2204 3692 2395 3754 mque
2442 3661 2717 3732 fiduciam

725 3753 917 3820 etiam
961 3752 1236 3818 aliorum
1263 3753 1517 3823 animos
1549 3754 1895 3842 erigendas
1940 3778 2088 3823 esse
2121 3754 2184 3835 ¹¹)
2228 3755 2514 3842 (p.„730.
2559 3751 2717 3814 A.»-

729 3841 872 3908 732.
915 3837 1057 3923 D.).
1106 3875 1188 3885 —
1276 3841 1503 3923 Atque
1558 3841 1723 3910 haee
1766 3840 2028 3926 quidem
2072 3840 2496 3914 Atheniensis
2541 3834 2624 3902 de·
2655 3849 2716 3892 en

795 4201 846 4264 ³⁸⁸)
885 4200 1042 4254 Confi.
1083 4201 1214 4255 Cios
1245 4201 1410 4266 Legg.
1450 4202 1519 4252 11.
1558 4218 1602 4252 o.
1642 4203 1692 4255 7.
