2857 4738
686 317 919 384 LVIII
1344 318 1526 384 PRO
1539 317 2076 386 LEGOMENA

684 490 870 556 ribus
942 489 1411 558 Grammaticis
1494 489 1952 572 munitumque
2039 489 2384 576 analogiae
2456 489 2784 574 legibus.

687 573 841 655 Quo
894 576 1073 642 facto
1128 597 1355 642 eorum
1413 597 1608 641 usum
1673 596 1794 638 nec
1855 573 2020 639 alias
2065 573 2152 639 ob
2197 595 2468 640 caussas
2521 574 2602 638 in
2659 573 2784 640 his

684 660 869 728 libris
910 683 1057 728 esse
1100 670 1488 747 suspectum
1529 658 1974 727 ostendemus.

861 747 1101 831 Itaque
1156 749 1438 834 primum
1497 745 1766 830 quidem
1823 745 1938 810 ubi
2001 743 2081 808 de
2142 744 2526 812 nominibus
2591 747 2783 810 sub·-

684 833 991 904 stantivis
1046 833 1405 900 insolenter
1452 830 1797 915 ,usurpatis
1857 829 2306 912 sciscitamur,
2365 831 2783 916 singularia

684 921 751 983 in
830 919 927 983 Le
978 918 1129 982 ibus
1204 919 1371 983 haec
1451 918 1584 980 fere
1661 916 2096 1000 reperiuntur.
2219 915 2522 980 Primum
2571 916 2776 981 enim

688 1004 873 1068 Libr.
932 942 1107 1068 §IL
1165 1028 1229 1090 p.
1288 1005 1436 1068 954.
1501 1002 1581 1064 E.
1639 999 1918 1086 offendit
1971 1000 2383 1085 ἀλλοδημία,
2431 1011 2774 1066 notatum

684 1089 811 1154 iam
870 1111 911 1152 a
972 1089 1327 1155 Polluce
1386 1088 1628 1154 Onom.
1689 1085 1820 1150 III.
1867 1089 1968 1154 54.
2013 1086 2126 1170 qui
2169 1083 2564 1171 ἀλλόδημος
2611 1110 2770 1151 me-

682 1184 927 1257 morat,
994 1173 1171 1258 quod
1217 1171 1482 1258 quidem
1526 1171 1774 1236 dictum
1820 1182 1922 1236 est
1961 1181 2037 1252 ut
2077 1171 2459 1256 ἀποδημία,
2521 1195 2565 1235 a
2615 1195 2768 1256 quo

684 1272 903 1345 tamen
946 1260 1250 1325 nonnihil
1293 1261 1361 1324 vi
1410 1267 1480 1323 et
1539 1257 2022 1344 significatione
2069 1257 2428 1343 discrepat.
2521 1259 2763 1342 Atqui

684 1343 918 1410 eodem
982 1346 1114 1410 isto
1170 1345 1436 1411 nomine
1493 1343 1690 1408 etiam
1747 1343 2342 1430 Hippocrates
2388 1343 2496 1408 De
2527 1343 2758 1408 inter.

684 1429 904 1496 affect.
937 1434 1086 1513 210,
1122 1435 1222 1498 14.
1269 1431 1430 1496 Dio
1475 1427 1708 1494 Cass.
1753 1431 1859 1512 54,
1910 1431 2006 1493 19.
2054 1428 2498 1494 Iamblich.
2596 1429 2754 1493 Vit.

687 1515 883 1602 Pyth.
945 1538 1002 1581 c.
1062 1518 1166 1582 35.
1228 1516 1333 1582 usi
1374 1524 1566 1596 sunt,
1642 1522 1720 1578 ut
1776 1513 1918 1580 eius
2025 1515 2276 1580 rebitas
2333 1537 2466 1580 non
2536 1512 2752 1579 modo

682 1601 985 1667 codicum
1044 1601 1341 1668 Platonis
1386 1600 1814 1680 auctoritate,
1875 1623 1946 1666 se
2051 1601 2246 1666 etiam
2289 1599 2752 1686 locupletissi-

682 1705 939 1751 morum
1014 1689 1413 1774 scriptorum
1489 1685 1866 1751 testimonio
1937 1685 2198 1751 abunde
2284 1685 2549 1750 firmata
2627 1685 2743 1752 sit.

686 1773 896 1837 Porro
956 1772 1143 1840 Libr.
1204 1773 1333 1840 IX.
1392 1796 1456 1858 p.
1519 1772 1667 1836 868.
1710 1770 1789 1836 E.
1836 1771 2124 1836 notabile
2167 1771 2380 1836 visum
2427 1781 2535 1836 est
2575 1769 2744 1838 ἀπε-

682 1855 1029 1935 νιαύτησις
1086 1857 1193 1923 vel
1248 1858 1473 1946 potius
1517 1853 2008 1941 ἀπενιαύτισις,
2069 1857 2268 1922 sicuti
2319 1879 2468 1921 vere
2511 1879 2740 1922 corre-

572 1945 591 1958 *
682 1942 781 2012 xit
838 1941 1269 2010 Ruhnken.
1333 1941 1419 2008 ad
1476 1939 1646 2008 Tim.
1705 1965 1770 2028 p.
1846 1943 1947 2007 39.
2051 1941 2204 2025 Quo
2281 1943 2546 2008 nomine
2617 1943 2737 2026 qui

679 2037 1025 2114 praeterea.
1097 2053 1256 2096 usus
1326 2029 1454 2110 sit,
1525 2025 1828 2094 novimus
1897 2049 2058 2093 sane
2128 2025 2474 2092 neminem.
2593 2027 2735 2092 Sed

684 2136 886 2197 quum
944 2111 1470 2198 απενιαυτισμός
1525 2111 1960 2200 Hesychio
2016 2136 2069 2179 s.
2128 2137 2190 2182 v.
2259 2113 2492 2180 eximie
2551 2112 2729 2177 dicta

678 2199 773 2266 sit
813 2199 855 2279 ἦ
903 2207 995 2278 εἰς
1038 2198 1345 2268 ἐνιαυτὸν
1390 2197 1574 2285 φυγὴ
1621 2212 1765 2273 τοῖς
1811 2196 2028 2284 φόνον
2071 2197 2422 2283 δράσασιν,
2469 2197 2550 2262 de
2597 2202 2732 2283 qua

680 2307 901 2371 poena
940 2313 1003 2353 v.
1049 2283 1580 2373 Petiti‘Isegg.
1629 2283 1836 2349 Attic.
1883 2307 1948 2369 p.
1997 2285 2124 2352 614
2169 2307 2317 2371 sqq.
2378 2283 2480 2349 ed.
2519 2281 2728 2351 'Wes-

680 2372 932 2460 seling,
992 2374 1222 2458 quidni
1276 2374 1436 2438 item
1481 2382 1660 2437 recte
1704 2367 1963 2435 dicatur
2023 2369 2494 2454 ἀπενιαύτισις,
2533 2392 2723 2519 prae-

678 2458 903 2523 sertim
968 2484 1167 2546 quum
1224 2459 1496 2524 verbum
1556 2458 2074 2540 ἆπενιαιντίζειν”,
2124 2455 2208 2521 de
2253 2479 2384 2541 quo
2428 2481 2491 2520 v.
2603 2456 2720 2520 ol-

676 2542 839 2611 lux.
902 2540 960 2604 Ι.
1033 2549 1091 2609 7.
1162 2545 1265 2609 58.
1312 2541 1668 2624 Suidas‚
1745 2541 2111 2629 Etymol.
2180 2543 2452 2629 Magn.
2529 2542 2720 2613 Tim.

680 2624 902 2691 Gloss.
978 2651 1032 2693 s,
1090 2655 1193 2709 v.‚
1268 2628 1431 2693 satis
1505 2635 1820 2692 testatum
1894 2626 2262 2693 habeatur?
2371 2628 2718 2693 Praeterea

676 2708 862 2775 Libr.
908 2710 961 2774 1.
1012 2736 1080 2799 p.
1126 2712 1273 2778 635.
1324 2712 1400 2777 C.
1449 2710 1798 2778 offensioni
1843 2713 1970 2777 fuit
2016 2712 2196 2797 quod
2259 2722 2440 2778 extat
2492 2717 2714 2797 γλυκυ·

679 2800 927 2883 θυμία.
1043 2797 1245 2881 Quod
1322 2807 1542 2862 tamen
1625 2799 2129 2883 frequentarunt
2209 2793 2712 2864 Plutarchus

672 2882 953 3031 pbral.
1019 2909 1083 2971 p.
1144 2886 1291 2950 476.
1356 2883 1444 2947 D.
1509 2884 1656 2950 970.
1716 2882 1797 2948 Β.
1864 2886 2010 2948 982.
2069 2888 2154 2949 Α.
2222 2886 2410 2952 1104.
2475 2884 2554 2948 Ι).
2597 2884 2708 2967 al.)

740 2968 1260 3053 amblichu's,
1319 2969 1466 3052 alii,
1526 2969 1806 3033 maxime
1876 2969 2240 3047 Platonici3
2303 2992 2513 3054 neque
2555 2989 2706 3034 vero

677 3052 760 3118 de
824 3054 1052 3123 Attico
1112 3058 1254 3123 eius
1311 3078 1439 3121 usu
1493 3055 1628 3119 ullo
1673 3053 1868 3135 mod-o
1915 3052 2332 3137 dubitabunt,
2385 3055 2492 3139 qui
2539 3054 2706 3119 adie-

674 3139 925 3207 ctivum
971 3141 1417 3227 γλυκύθυμος
1461 3140 1592 3226 legi
1620 3139 2032 3204 meminerint
2059 3139 2236 3226 apud
2283 3142 2570 3205 Aristo
2587 3139 2701 3226 ph.

673 3224 961 3311 Lysistr.
1020 3232 1170 3296 551.
1230 3225 1457 3293 Nubb.
1508 3228 1650 3291 705.
1699 3225 1777 3291 al.
1825 3247 1956 3307 quo
2003 3225 2134 3289 iam
2177 3224 2506 3291 Homer.
2549 3235 2700 3301 usus

672 3318 777 3382 est
835 3311 1026 3377 Iliad.
1088 3339 1152 3379 v.
1206 3316 1355 3378 467.
1414 3310 1823 3376 Insolentius
1880 3332 2036 3375 vero
2098 3320 2204 3375 est
2247 3310 2437 3377 Libr.
2481 3312 2595 3376 VI.
2636 3336 2697 3397 p.

673 3394 819 3459 765.
864 3396 951 3460 A.
994 3421 1235 3464 nomen
1279 3396 1639 3478 διαθετήρ,
1688 3396 1752 3462 h.
1796 3418 1854 3459 e.
1903 3394 2391 3477 ordinator,
2439 3396 2696 3461 mode·—

668 3488 941 3563 rator‚
1010 3481 1091 3547 de
1153 3506 1271 3565 eo,
1334 3482 1448 3566 qui
1519 3480 1756 3547 choros
1825 3480 2094 3563 instruit
2166 3504 2245 3555 ac
2317 3482 2692 3550 moderatur.

670 3563 1143 3633 Verumtamen
1204 3591 1407 3652 quum
1465 3567 1766 3633 similiter
1819 3564 2079 3631 dicatur
2135 3565 2172 3631 ὁ
2239 3568 2563 3645 διαθέτης
2603 3577 2694 3631 at-

668 3669 801 3731 que
865 3652 1137 3718 verbum
1198 3657 1592 3718 διατιθέναι.
1649 3652 1778 3718 hoc
1835 3651 1906 3715 in
1950 3674 2192 3737 genere
2241 3652 2378 3717 fere
2422 3646 2690 3718 ‘solemne

663 3733 759 3799 sit
816 3744 1015 3821 atque
1060 3738 1439 3823 proprium,
1487 3760 1610 3803 nec
1655 3736 1821 3802 illud
1863 3735 2064 3801 habet
2107 3737 2308 3802 ullam
2359 3737 2690 3803 dubitatio-

665 3824 1301 3906 nem,-praesertim
1360 3845 1562 3907 quum
1623 3845 1702 3887 eo
1761 3844 1924 3887 usus
1984 3823 2074 3887 sit
2131 3824 2687 3889 etiam“The·mi-

666 3906 893 3973 stius
978 3908 1126 3974 loco
1214 3907 1709 3974 evidentissimo
1801 3907 1986 3973 Orat.
2077 3906 2349 3975 XXVI.
2419 3934 2482 3995 p.
2553 3912 2684 3975 321.

665 3990 755 4057 D.
796 4016 902 4055 τ...-
946 3996 1095 4060 388.
1139 3993 1244 4059 ed.
1294 3994 1496 4063 Dind.
1541 3992 1662 4061 τὸν
1724 3996 2106 4075 διαθετῆρα
2153 3998 2262 4059 καὶ
2301 3996 2681 4079 δημογόρον.

658 4076 871 4145 Porro
930 4080 1116 4147 Libr.
1162 4080 1287 4147 IV.
1348 4105 1413 4167 p.
1464 4082 1609 4146 716.
1661 4082 1747 4145 A.
1799 4089 1868 4146 et
1913 4080 1995 4147 V.
2047 4082 2190 4144 744.
2238 4079 2318 4142 Β.
2367 4079 2682 4164 εὐμορφία

660 4168 995 4248 tamquam
1068 4164 1402 4255 singulare
1481 4176 1778 4233 notatum
1837 4174 1936 4231 est
2009 4166 2136 4229 iam
2213 4180 2250 4228 a
2320 4164 2680 4231 Moeridc
