2857 4738
865 349 993 436 us
1044 327 1467 427 Lsfflsus
1508 363 1629 417 etc.
2098 357 2271 422 L111

179 512 436 598 ideoque
491 514 818 579 multum
866 516 1169 582 diversus
1227 517 1310 581 ab
1355 533 1443 582 ea·
1479 519 1795 601 oratione,
1848 543 2017 603 quae
2060 524 2267 588 subti-

181 598 330 663 libus
390 597 490 664 de
563 601 968 686 sapientiae
1013 601 1364 689 disciplina
1409 602 1968 692 disputationibus
2012 627 2268 676 accom-

181 684 429 749 modata
499 695 647 750 est.
767 687 1004 752 Refert
1064 689 1268 774 igitur
1327 687 1439 751 ille
1498 691 1687 754 iuxta
1741 710 1891 754 cum
1944 693 2267 760 tenuitate

179 779 360 855 atque
427 771 848 836 subtilitate
916 775 1160 858 passim
1221 774 1418 838 etiam
1479 775 1871 860 gravitatem
1940 777 2266 859 quandam

181 865 363 941 atque
413 855 856 942 dignitatem
903 881 986 922 ex
1023 859 1313 944 ipsarum
1340 865 1577 924 'rerum
1608 861 2061 947 magnitudine
2102 873 2266 929 tam-

182 965 364 1026 quam
427 943 636 1008 ultro
703 953 1128 1023 nascentem,
1193 943 1479 1026 ideoque
1550 967 1673 1010 nec
1744 968 1775 1010 s
1828 949 2001 1011 ernit
2064 950 2267 1016 verba

177 1027 656 1110 insolentior-a,
695 1029 919 1094 sonitu
947 1030 1266 1114 pleniora,
1317 1031 1714 1115 antiquiora,
1794 1033 2034 1118 eniq‘ne
2067 1056 2263 1121 gran-

179 1112 358 1178 diora
425 1123 506 1178 et
578 1115 812 1198 specie
851 1114 1262 1198 honestiora,
1323 1113 1551 1198 qualia
1608 1116 1827 1203 legum
1872 1117 2262 1205 dignitatem

179 1197 490 1264 deceant.
610 1201 726 1262 Ex
769 1221 904 1283 quo
960 1202 1380 1265 manifestum
1425 1211 1529 1266 est
1571 1202 1677 1266 vel
1722 1201 1893 1266 hanc
1941 1205 2025 1269 ob
2071 1227 2261 1270 caus—

177 1307 310 1349 sam
375 1283 545 1348 fieri
625 1307 764 1349 non
808 1286 1106 1370 potuisse
1152 1287 1312 1369 quin
1355 1309 1595 1385 magna
1634 1287 1813 1352 illius
1862 1288 1945 1352 ab
1986 1289 2261 1356 aliorum

177 1370 352 1436 dialo
410 1393 622 1436 orum
696 1370 1179 1436 consuetudine
1253 1371 1605 1438 diversitas
1682 1373 2015 1440 existeret.
2122 1377 2261 1440 lam

175 1478 336 1521 vero
415 1480 458 1520 e
519 1478 600 1521 es
669 1465 868 1539 atque
915 1457 1220 1522 instituta
1263 1457 1487 1522 civilia
1530 1459 1598 1522 in
1647 1456 1773 1523 hoc
1816 1479 2015 1544 opere
2060 1461 2261 1526 etiam

172 1564 252 1606 eo
317 1565 438 1606 mo
497 1565 544 1607 o
595 1542 1024 1624 sanciuntur,
1085 1551 1160 1608 ut
1200 1543 1398 1607 simul
1443 1542 1985 1609 commendentur
2024 1567 2259 1632 prooe·
2336 1585 2345 1595 ·

174 1628 362 1710 miis,
433 1627 581 1692 hoc
637 1635 776 1710 est,
855 1627 1264 1694 orationibus
1319 1629 1668 1713 suasoriis,
1733 1629 1973 1714 quibus
2032 1653 2258 1696 eorum

173 1735 507 1796 caussae,
575 1711 945 1795 utilitateS,
1007 1711 1282 1781 effectus
1327 1713 1613 1798 denique
1672 1715 1995 1781 salutares
2052 1717 2257 1784 diser·

173 1799 461 1864 tissimis
516 1797 744 1862 verbis
791 1797 1241 1882 declarantur,
1290 1800 1385 1864 ita
1427 1798 1689 1884 quidem
1713 1847 1733 1883 ,
1780 1811 1857 1866 ut
1935 1802 2255 1888 imprimis

169 1885 382 1949 etiam
447 1884 730 1948 virtutis
795 1893 937 1948 tum
995 1884 1210 1954 civilis
1265 1894 1405 1949 turn
1466 1886 1729 1951 moralis
1790 1896 1857 1950 et
1899 1887 2255 1975 religiosae

169 1971 346 2035 ratio
420 1968 738 2035 ducatur.
847 1969 1048 2053 Quod
1105 1978 1282 2036 certe
1341 1971 1486 2034 fieri
1556 1993 1691 2036 non
1796 1973 1971 2038 otuit
2039 1973 2253 2058 aliter,

169 2057 300 2121 nisi
365 2069 458 2120 ea
547 2055 845 2137 ratione,
917 2064 998 2119 ut
1065 2055 1342 2121 subinde
1409 2057 1606 2122 etiam
1668 2057 1751 2122 sti
1782 2079 1859 2123 us
1938 2058 2254 2145 grandior

175 2141 664 2221 adhiberetur,
732 2141 847 2224 qui
909 2142 1181 2206 referret
1239 2139 1554 2226 quiddam
1598 2142 1875 2226 celsius,
1934 2145 2252 2228 sanctius,

171 2225 768 2313 magnificentius,
834 2225 1370 2310 quandoquidem
1427 2227 1498 2290 id
1555 2228 1650 2291 rei
1696 2227 1905 2313 ipsius
1946 2227 2253 2314 dignitati

179 2323 383 2396 atque
485 2311 829 2377 maiestati
915 2312 1125 2377 videri
1197 2311 1428 2377 debuit
1498 2321 2011 2379 consentaneum
2088 2333 2251 2379 esse.

179 2396 430 2482 Itaque
492 2397 749 2463 talibus
803 2384 873 2461 in
919 2398 1084 2464 locis
1127 2419 1607 2481 saepenumero
1653 2420 1801 2463 cum
1844 2398 2109 2463 amabili
2152 2422 2252 2465 re-

178 2506 328 2548 rum
376 2505 456 2547 ac
489 2484 973 2549 sententiarum
1004 2484 1426 2569 simplicitate
1472 2492 1673 2567 atque
1715 2504 2018 2549 sermone
2057 2485 2253 2569 plane

170 2592 264 2655 po
314 2568 498 2633 ulari
565 2568 1022 2633 sollertissime
1076 2570 1302 2634 iuncta
1359 2578 1465 2633 est
1516 2578 1717 2652 atque
1764 2570 2076 2655 copulata
2116 2571 2251 2636 sin·

167 2679 260 2755 gu
289 2656 436 2720 aris
489 2653 824 2737 quaedam
871 2654 1219 2722 verborum
1267 2654 1655 2738 sublimitas,
1702 2655 2068 2741 granditas,
2113 2678 2249 2722 ma-

167 2753 429 2824 iestaS,
500 2749 584 2803 ut
629 2739 884 2822 oratio,
950 2740 1182 2805 relicta
1231 2739 1487 2825 vulgari
1533 2740 1852 2824 loquendi
1896 2752 2249 2807 consuetu-

164 2826 328 2891 dine
349 2874 370 2908 ,
441 2822 809 2909 aliquando
847 2835 1166 2912 exsurgat
1208 2824 1404 2890 altius
1452 2836 1651 2909 atque
1696 2827 1892 2891 etiam
1938 2828 2248 2893 maiorem

163 2910 550 2995 quemdam
611 2920 904 2975 assumat
949 2920 1252 2985 ornatum
1299 2933 1376 2977 ac
1423 2911 1881 2997 splendorem,
1930 2912 2248 2978 adhibitis

161 2998 378 3062 etiam
431 2994 756 3061 artificiis·
786 2995 1161 3078 rhetoricis,
1210 2996 1447 3079 quibus
1493 2997 1840 3061 verborum
1887 2996 2088 3078 orde,
2136 3021 2249 3083 pe-

164 3082 532 3149 riodorum
601 3088 966 3165 structura,
1024 3103 1439 3147 numerorum
1499 3104 1739 3164 sonus,
1786 3082 2251 3149 insolentiores

165 3168 625 3248 efficiuntur,
706 3189 830 3231 nec
887 3167 1108 3232 verbis
1167 3176 1234 3231 et
1293 3166 1699 3233 dictionibus
1733 3165 2035 3251 -poeticis
2092 3187 2247 3231 con-

161 3255 404 3319 temtis
468 3261 591 3317 aut
628 3252 972 3337 neglectis.
1073 3250 1264 3334 Quae
1309 3250 1574 3337 quidem
1618 3250 1841 3316 omnia
1880 3272 2106 3317 rursus
2150 3262 2249 3317 ta-

163 3339 258 3403 lia
303 3348 503 3420 sunt,
555 3336 735 3401 unde
782 3337 1088 3407 facillime
1148 3338 1340 3402 aliam
1401 3356 1704 3402 caussam
1751 3335 2121 3423 intelligere
2167 3338 2247 3404 li-

163 3436 325 3490 ceat
387 3424 581 3489 illius
631 3421 1073 3504 diversitatiS,
1121 3446 1290 3507 quae
1334 3424 1511 3487 inter
1552 3422 1815 3508 Legum
1859 3430 1928 3487 et
1970 3424 2243 3489 aliorum

162 3508 593 3597 scriptorum
663 3508 1155 3575 Platonicorum
1234 3506 1500 3573 dicendi
1586 3527 1797 3592 genus
1872 3508 2241 3575 intercedit.

160 3594 313 3663 Sed
377 3594 472 3659 ad
538 3594 708 3659 haec
767 3594 963 3659 etiam
1022 3594 1288 3659 tertium
1347 3591 1659 3678 quiddam
1704 3592 1979 3659 accedit.
2070 3594 2249 3662 Sunt

161 3683 352 3745 enim
420 3680 508 3762 ii,
579 3679 695 3763 qui
755 3679 1270 3745 sermocinantes
1329 3676 1772 3760 inducuntur,
1831 3680 1901 3743 in
1944 3680 2243 3767 Legibus

159 3766 366 3850 tales,
419 3764 539 3850 qui
570 3788 779 3851 quum
804 3766 933 3851 ipsi
981 3786 1170 3830 senes
1196 3764 1354 3847 sint,
1401 3773 1541 3829 tum
1586 3764 1783 3829 etiam
1826 3766 2019 3831 senili
2062 3786 2241 3831 more

157 3851 469 3939 ideoque
581 3849 796 3916 rolixe
855 3859 922 3915 et
972 3850 1164 3915 simul
1229 3850 1561 3914 communi
1622 3849 1958 3916 hominum
2017 3850 2242 3948 captui

161 3960 522 4005 accommo
573 3944 690 4001 ate
735 3934 820 3999 de
862 3937 1058 4003 rebus
1101 3934 1406 4001 civilibus
1451 3935 1622 4000 collo
1672 3944 1939 4003 uuntur.
2026 3934 2242 3997 Nimi-

165 4046 314 4089 rum
373 4023 782 4127 popularem
837 4022 1035 4087 istam
1090 4021 1412 4087 sermonis
1470 4020 1639 4107 simp
1666 4020 1956 4086 icitatem
2032 4019 2239 4085 collo·

165 4112 541 4193 quentibus
589 4106 915 4173 tributam
958 4106 1396 4207 philosophus
1443 4105 1583 4171 sine
1625 4105 1829 4172 dubio
1874 4104 1935 4169 ei
1986 4103 2259 4171 civitati-

165 4197 694 4264 convenientem
751 4214 898 4259 esse
955 4190 1324 4273 iudicavit,
1354 4211 1524 4275 quae
1566 4212 1699 4256 non
1746 4212 1783 4254 a
1831 4190 2239 4277 sapientibus
