2857 4738
614 321 741 384 &4

612 487 705 556 qui
736 485 899 538 uit·-
930 483 1083 536 σκιὴ
1116 481 1383 544 musicen,
1414 481 1588 548 quo-d

614 555 741 625 ipsis
780 552 1060 615 maduca,
1112 551 1343 604 merito·
1372 567 1592 618 percep,

612 624 721 677 turi
770 623 891 676 sint.
960 625 1041 672 At
1100 624 1241 672 enim
1304 636 1436 670 vero
1487 619 1588 670 etsi

616 695 751 744 haec
810 694 1091 744 verborum
1142 691 1432 755 explicatio
1479 698 1588 738 tam

616 773 766 814 certa
818 763 1031 812 videtur
1076 776 1195 811 esse
1240 774 1397 824 quam
1445 759 1590 822 quod

616 842 699 884 est
754 834 1135 891 certissimum,
1194 839 1373 879 tamen
1418 829 1487 878 de
1531 843 1592 876 re

616 905 736 966 ipsa
769 901 929 950 facile
972 901 1229 962 ambigas.
1302 897 1442 946 Nam
1480 913 1588 960 quo

616 972 837 1021 taudem
872 969 1033 1018 modo
1068 967 1446 1017 arbitrabimur
1470 967 1590 1016 fieri

614 1040 878 1106 potuisse,
914 1047 973 1086 ut
1010 1038 1169 1087 aliter
1204 1044 1421 1085 caueret
1453 1036 1588 1099 lyra,

615 1111 757 1159 alios
794 1115 981 1156 cantus
1023 1107 1269 1156 funderet
1309 1105 1590 1154 modorum

614 1179 939 1228 musicorum
976 1176 1200 1224 auctor?
1239 1175 1508 1224 Nimirum
1535 1175 1592 1222 id

616 1249 829 1312 quidem
865 1255 1088 1308 apparet
1110 1259 1219 1294 non
1244 1258 1353 1293 una
1380 1247 1592 1294 ratione

614 1317 855 1380 potuisse
924 1315 1093 1375 effici;
1168 1314 1307 1362 uude
1377 1313 1594 1362 fuerunt

616 1387 777 1436 etiam
828 1399 933 1434 uon
984 1385 1168 1447 pauci,
1232 1383 1323 1446 qui
1376 1392 1589 1432 cantum

614 1455 928 1518 figuratum,
976 1467 1131 1516 quem
1180 1453 1351 1500 nostri
1386 1453 1589 1508 dicunt,

616 1539 759 1573 nunc
830 1521 1122 1584 significari
1194 1513 1590 1575 contenderent,

614 1593 859 1655 adeoque
902 1592 1029 1639 hinc
1076 1591 1415 1652 colligerent,
1465 1605 1592 1638 con·

616 1663 823 1710 tinuttm
887 1660 1127 1722 plurium
1190 1674 1380 1707 vocum
1453 1661 1594 1708 inter

616 1745 675 1780 se
770 1729 1179 1778 consonantium
1276 1736 1593 1776 concentum

617 1797 885 1847 veteribus
922 1794 1145 1845 Graecis
1186 1798 1373 1857 utique
1408 1803 1594 1846 notum

614 1875 669 1916 et
718 1867 970 1915 usitatum
1016 1865 1199 1913 fnisse.
1264 1864 1454 1928 Itaque
1491 1865 1595 1914 dif-

614 1935 831 1984 fiicilior
874 1948 1005 1983 sane
1053 1933 1211 1982 huius
1260 1935 1339 1982 rei
1394 1935 1592 1983 diiudi-

618 2005 758 2054 catio
836 2011 935 2053 est.
1023 2001 1136 2052 Nec
1204 2011 1379 2052 tamen
1456 2004 1594 2052 adeo

618 2089 684 2123 ea
716 2074 930 2122 videtur
975 2072 1238 2133 difficilis,
1290 2081 1347 2120 ut
1382 2087 1468 2121 res
1503 2087 1592 2122 ex-

616 2144 791 2207 pediri
837 2156 1061 2206 prorsus
1110 2149 1357 2204 nequeat.
1431 2141 1595 2190 Plura

616 2214 759 2262 euim
810 2217 1099 2278 suppetunt
1150 2225 1305 2260 verae
1365 2212 1592 2260 rationis

614 2282 1021 2342 investigandae
1048 2287 1209 2342 atque
1244 2281 1592 2341 reperiendae

618 2351 884 2415 praesidia
940 2357 993 2399 et
1052 2349 1377 2399 adiumenta.
1453 2348 1592 2399 Nam

617 2422 845 2484 primum
892 2420 1106 2483 quidem
1152 2420 1452 2469 meminisse
1499 2420 1592 2467 de·

620 2490 829 2550 bemus,
876 2489 1141 2552 disputari
1184 2489 1249 2537 de
1306 2502 1591 2550 puerorum

616 2560 973 2618 institutione,
1013 2557 1446 2620 quandoquidem
1474 2557 1592 2620 phi·

616 2628 874 2691 losophus
937 2628 993 2675 in
1063 2639 1128 2673 ea
1198 2626 1358 2674 vitari
1426 2627 1592 2687 iubet,

616 2711 751 2761 quae
803 2695 965 2757 vulgo
1027 2693 1277 2742 videntur
1338 2709 1592 2758 perquam

616 2766 817 2813 usitata
859 2762 1045 2811 fuisse.
1122 2760 1389 2819 Quocirca
1438 2779 1591 2827 aper·

616 2841 729 2881 tum
778 2837 859 2879 est
922 2831 1145 2894 cogitari
1208 2839 1464 2893 oportere
1525 2834 1593 2882 de

612 2900 905 2952 artificioso
972 2900 1186 2963 quidem
1250 2901 1432 2964 aliquo
1497 2903 1591 2951 sed

614 2971 803 3020 eodem
840 2978 1017 3020 tamen
1056 2970 1379 3033 simpliciore
1422 2972 1592 3019 citha-

614 3042 776 3089 ristae
838 3047 1126 3098 concentu,
1190 3055 1297 3102 quo
1357 3041 1590 3089 tironum

612 3112 941 3161 cantantium
974 3123 1076 3158 vox
1115 3116 1366 3171 tanquam
1402 3109 1590 3159 adiuta

612 3186 665 3227 et
712 3186 1009 3228 sustentata
1060 3178 1153 3237 sit,
1208 3192 1305 3226 nec
1359 3192 1484 3226 vero
1521 3180 1588 3227 de

612 3251 863 3297 continuo
910 3247 1141 3309 quodam
1188 3254 1345 3295 cantu
1396 3260 1586 3296 vocum

611 3317 961 3380 complurium
997 3317 1141 3365 inter
1176 3330 1233 3365 se
1270 3330 1363 3379 per
1406 3318 1590 3369 omnia

610 3385 997 3435 disiunctarum
1052 3386 1315 3448 planeque
1368 3398 1584 3448 separa·

610 3460 796 3503 tarum.
856 3454 1067 3503 Deinde
1104 3455 1311 3503 iuvabit
1347 3456 1584 3505 tenuisse

512 3574 519 3581 ,
607 3522 779 3583 legem
863 3524 1038 3582 illam,
1123 3524 1583 3587 interpretationis

610 3591 785 3638 omnis
834 3592 1303 3653 prudentissimam
1338 3594 1582 3643 modera-

608 3659 824 3717 tricem,
860 3674 997 3722 quae
1035 3663 1205 3713 vetat.
1249 3676 1314 3709 ne
1352 3678 1494 3711 nova
1531 3671 1584 3712 et

608 3726 853 3777 inaudita
902 3735 996 3776 aut
1056 3728 1221 3778 dubia
1276 3738 1327 3779 et
1378 3732 1584 3781 incerta

609 3796 958 3848 obtrudamus
995 3798 1361 3859 scriptoribus,
1397 3816 1580 3863 quam·

607 3867 701 3915 diu
736 3867 969 3930 ipsorum
1011 3867 1173 3915 verba
1208 3880 1273 3915 ex
1309 3869 1377 3915 iis
1417 3869 1610 3919 habe·'

606 3943 701 3985 aut
742 3936 988 3985 idoneam
1028 3937 1467 3999 explicationem,
1513 3941 1580 3989 de

606 4005 800 4069 quibus
836 4005 941 4055 iam
968 4005 1185 4055 aliunde
1220 4012 1446 4055 constet.
1479 4008 1577 4057 Et·

605 4075 743 4123 enim
778 4074 1178 4138 congruentiam
1216 4076 1361 4127 illam
1388 4090 1576 4127 vocum

602 4157 669 4192 ac
714 4158 965 4193 sonorum
1008 4144 1367 4205 artificialem,
1414 4160 1572 4207 quam

604 4211 773 4259 nostri
826 4226 1015 4263 vocare
1068 4216 1241 4262 solent
1302 4214 1566 4263 harmoni·

1344 306 1911 375 PLATONIS

1687 495 1822 542 cam,
1845 478 2068 530 Graecis
2105 486 2286 530 notam
2319 478 2522 540 fuisse,
2561 477 2679 525 nul·
2714 525 2720 532 ,

1685 552 1756 600 lis
1829 549 2180 611 testimoniis,
2245 562 2382 610 quae
2459 547 2678 609 quidem

1689 625 1836 668 certa
1875 620 2014 680 siut,
2067 617 2244 668 evinci
2291 624 2390 666 aut
2457 617 2676 668 demon·

1689 689 1847 738 sti-ari
1895 695 2100 751 potest3
2154 689 2222 736 de
2269 701 2377 749 qua
2426 700 2492 734 re
2537 685 2676 736 infra

1689 759 1924 806 dicemus
1947 757 2280 820 explicatius.
2311 753 2676 812 Quamobrem

1691 841 1804 876 eam
1853 841 1922 874 ne
1967 827 2056 875 hic
2107 827 2322 890 quidem
2379 825 2676 886 significari

1667 896 1982 944 ‘verisimile
2019 905 2126 954 est,
2165 894 2436 958 siquidem
2477 895 2588 943 alia
2621 894 2677 941 iu

1691 973 1904 1028 promtu
1955 966 2210 1014 habeatur
2263 964 2558 1011 verborum
2591 963 2674 1010 iu-

1691 1035 2020 1096 terpretatio.
2077 1034 2160 1082 Ea
2195 1047 2328 1082 vero
2367 1042 2566 1095 parata
2597 1038 2672 1080 est

1693 1105 1824 1152 satis
1861 1103 2180 1166 probabilis,
2211 1109 2284 1150 et
2337 1103 2562 1164 quidem
2597 1108 2668 1150 ta·

1693 1174 1789 1232 lis,
1827 1186 1968 1236 quae
2003 1182 2055 1221 et
2096 1179 2420 1220 concentum
2459 1171 2672 1220 cithari-

1693 1251 1836 1302 stae,
1903 1243 2146 1304 quamvis
2215 1241 2673 1300 artificiosiorem,

1695 1320 1872 1360 tamen
1921 1312 2112 1373 puerili
2159 1310 2503 1360 institutioni
2551 1323 2672 1358 con-

1695 1381 1992 1428 venientem
2027 1381 2194 1428 fuisse
2245 1379 2550 1427 clarissime
2583 1392 2672 1440 pa-

1693 1451 1925 1508 tefaciat,
1961 1463 2058 1496 nec
2097 1463 2224 1496 vero
2265 1448 2467 1496 ceteris
2507 1449 2675 1496 histo-

1693 1521 1806 1568 riae
1843 1518 2162 1566 testimoniis
2200 1524 2294 1564 aut
2328 1518 2466 1578 ipsis
2510 1517 2676 1578 scrip-

1693 1589 1827 1636 toris
1883 1588 2058 1636 verbis
2111 1587 2420 1635 reluctetur.
2514 1585 2670 1647 Nam,

1694 1667 1753 1706 ut
1779 1671 1890 1705 rem
1919 1657 2101 1720 paucis
2135 1656 2673 1718 comprehendamus,

1695 1727 1943 1774 videntur
1979 1727 2128 1787 pueri
2153 1726 2356 1774 musica
2383 1725 2674 1783 discentes,

1695 1796 1850 1844 sicuti
1886 1796 1962 1843 rei
2001 1803 2224 1843 naturae
2273 1794 2560 1855 convenit,
2609 1794 2676 1842 le·

1697 1879 1814 1928 gem
1851 1864 2127 1912 modorum
2165 1864 2422 1912 musicam
2445 1877 2482 1911 a
2517 1862 2676 1925 poeta

1696 1935 2078 1997 praescriptam
2129 1934 2362 1993 pressius
2415 1947 2540 1980 esse
2597 1946 2672 1978 se-

1697 2004 1878 2066 quuti,
1932 2009 2024 2050 aut
2085 2002 2468 2062 simpliciorem
2531 2002 2674 2049 illa-

1695 2087 1729 2121 a
1795 2071 2064 2132 magistris
2134 2072 2434 2132 accepisse,
2509 2084 2672 2132 quum

1694 2141 1898 2190 fidicini
1937 2140 2039 2188 boc
2079 2147 2220 2188 esset
2255 2141 2468 2200 datum,
2509 2147 2570 2187 ut
2607 2139 2672 2186 ab

1695 2211 2018 2273 simpliciore
2065 2210 2158 2258 illa
2215 2209 2450 2257 formula
2513 2217 2674 2257 cantu

1694 2295 1794 2327 suo
1833 2280 2030 2340 passim
2067 2278 2318 2328 recedere
2359 2285 2524 2341 atque
2563 2293 2672 2326 mo-

1695 2350 1792 2397 dos
1845 2348 2124 2411 multiplici
2175 2348 2388 2397 ratione
2456 2349 2675 2397 variare

1695 2427 1748 2465 et
1781 2418 2126 2467 artificiosius
2161 2432 2426 2466 exornare
2471 2418 2673 2465 liceret.

1695 2486 1854 2545 Quod
1891 2488 1936 2535 si
1971 2488 2048 2536 ita
2083 2488 2202 2545 fuit,
2239 2488 2528 2549 magister,
2581 2487 2670 2549 qui

1693 2558 1810 2619 lyra
1845 2556 2166 2617 succinshat‚
2203 2572 2311 2605 non
2353 2556 2522 2605 modo
2562 2556 2672 2603 for-

1693 2626 1888 2675 mulam
1919 2627 2116 2684 cantici·
2146 2640 2208 2674 ac
2241 2626 2536 2673 melodiam
2564 2632 2673 2673 tra--

1694 2696 1874 2746 ctabat
1892 2695 2130 2756 liberius,
2153 2696 2232 2744 ita
2253 2701 2430 2743 tamen
2455 2701 2518 2741 ut
2547 2708 2668 2743 cau·

1693 2772 1804 2813 tum
1839 2764 1991 2827 pueri
2029 2765 2188 2813 simul
2231 2770 2448 2826 regeret
2481 2771 2540 2811 et
2575 2763 2670 2813 ad-

1692 2834 1926 2897 iuvaret,
1984 2847 2166 2883 verum
2202 2833 2388 2892 etiam,
2425 2833 2556 2881 dum
2594 2834 2670 2880 ita

1692 2902 1948 2963 faciebat,
1999 2904 2196 2964 passim
2249 2901 2590 2951 admiscebat
2615 2907 2672 2949 et

1691 2974 1844 3034 quasi
1903 2972 2288 3034 attemperabat
2355 2971 2536 3019 varios
2603 2984 2670 3018 ao

1691 3042 1936 3090 diversos
1977 3054 2156 3105 sonos,
2196 3041 2286 3103 qui
2323 3040 2478 3102 pueri
2519 3040 2667 3087 voci-

1691 3110 1788 3159 bus
1825 3125 1922 3172 per
1955 3111 2240 3161 intervalla
2275 3110 2542 3171 quaedam
2583 3123 2666 3155 re-

1691 3180 2016 3241 sponderent
2035 3180 2264 3242 ideoque
2289 3178 2518 3225 subinde
2539 3192 2666 3224 con-

1689 3256 1875 3297 centus
1905 3249 2174 3312 ·quosdam
2226 3246 2502 3296 efficerent
2537 3262 2668 3293 con,

1691 3318 1879 3366 cordes
1916 3324 2075 3379 atque
2111 3322 2484 3379 congruentes.
2545 3314 2668 3363 Hoc

1688 3386 1854 3448 igitur
1899 3387 2031 3435 illud
2067 3394 2172 3447 est,
2227 3386 2373 3449 quod
2419 3384 2664 3447 philoso-

1688 3454 1850 3517 phum
1920 3456 2026 3504 illis
2100 3454 2276 3503 verbis
2354 3453 2666 3515 significare

1689 3524 1922 3573 voluisse
1967 3526 2125 3588 plane
2181 3524 2342 3573 nobis
2389 3522 2660 3585 persuasi-

1687 3608 1820 3641 mus.
1891 3595 2067 3662 2Atque
2106 3608 2222 3641 eam
2257 3592 2664 3654 interpretatio-

1686 3676 1807 3711 nem
1858 3662 2174 3711 confirmant
2221 3677 2326 3711 nou
2375 3662 2660 3711 mediocri-

1686 3738 1794 3793 ter,
1853 3746 1988 3794 quae
2043 3733 2185 3793 apud
2241 3730 2662 3789 Athenaeum

1684 3800 1834 3849 xlv,
1887 3815 1940 3863 p.
1993 3800 2116 3853 617.
2187 3804 2505 3860 narrantur,
2571 3799 2662 3847 ubi

1685 3869 1930 3919 Pratinas
1963 3870 2172 3930 ‚dicitur
2214 3870 2454 3933 graviter
2489 3871 2662 3917 iucre-

1681 3940 1862 4001 puisse
1895 3939 2160 4001 tibicines,
2199 3940 2346 4001 quod
2369 3938 2524 3989 ebori
2545 3952 2659 3985 mo·

1681 4008 1777 4057 dos
1825 4022 2012 4071 parum
2057 4016 2306 4059 accurate
2360 4014 2660 4067 servarent,

1679 4076 1782 4127 hoc
1845 4082 1951 4138 est,
2015 4078 2256 4131 carmina
2319 4078 2661 4143 praescripta

1676 4146 2080 4195 modularentur
2127 4147 2372 4207 liberius3
2433 4148 2502 4196 de
2551 4160 2658 4210 qua

1674 4229 1732 4263 re
1789 4216 1898 4265 alio
1953 4222 2190 4279 tempore
2243 4216 2648 4280 explicabimus.
