2857 4738
701 303 902 376 LXX
915 305 1080 375 vlu
1354 299 2015 372 RROLEGOMEN
2026 305 2087 368 A

699 481 842 544 ubi‘
871 486 1052 542 certe
1114 472 1439 560 liquidum
1498 483 1601 539 est
1644 472 2011 540 rectissime
2030 469 2373 558 scriptum
2415 473 2581 560 legi:
2619 479 2723 555 pt·

699 559 920 646 γεθός
975 585 1042 627 τι
1079 559 1426 648 ’ὠφελείας
1485 556 1677 639 ἄξιον
1744 559 1995 636 πολλῆς
2043 559 2383 639 σπουδῆς,
2443 555 2724 642 quando·

701 647 968 732 quidem
1012 645 1326 730 primaria
1370 645 1471 708 vis
1516 644 1583 708 in
1626 641 2083 730 magnitudine
2128 643 2507 709 continetur
2524 663 2579 725 ,·
2690 665 2725 708 a

699 734 722 798 i
775 753 850 798 sa
905 729 1166 796 demum
1227 727 1404 795 effici
1460 728 1625 794 illud
1682 727 2049 811 iudicatur,
2106 736 2183 792 ut
2223 727 2477 794 utilitas
2516 737 2581 794 st
2668 728 2725 792 in

701 755 908 905 digna
944 817 1073 881 sit.
1177 813 1414 900 Neque
1480 804 1671 880 aliter
1710 813 2204 902 interpretanda
2246 823 2405 878 sunt
2446 813 2588 878 illa:
2630 838 2729 878 κυ-

701 907 1040 984 παρίττων
1081 899 1230 984 ὕψη
1279 925 1346 964 τε
1389 905 1503 964 καὶ
1550 900 1757 977 κάλλη
1804 897 2181 983 θαυμάσια,
2227 908 2305 962 ut
2340 911 2551 982 'quum
2582 896 2724 964 Ger·

702 986 956 1052 manice
1031 984 1341 1051 dicimus:
1423 983 1553 1048 die
1634 982 2035 1049 wunderb
2059 1005 2193 1048 are
2268 983 2510 1054 bee
2576 981 2724 1050 und

703 1069 1186 1139 Schonheit
1243 1068 1386 1133 der
1460 1067 2293 1155 Cypressenbaume,
2370 1068 2552 1160 quod
2624 1068 2725 1133 ali-

703 1167 1022 1241 quantum
1057 1153 1281 1221 diflert
1323 1176 1364 1217 a
1391 1154 1652 1240 vulgari
1688 1157 1849 1220 isto:
1895 1151 2399 1218 wandel-bar
2443 1153 2725 1220 schiine

704 1239 864 1306 und
967 1239 1188 1305 hohe
1291 1237 2125 1325 Cypressenbiiume,
2212 1238 2726 1323 quandoquidem

711 1325 976 1392 nomine
1063 1325 1396 1392 abstracto
1487 1325 1698 1389 virtus
1776 1322 2244 1410 pulcritudinis
2312 1333 2383 1388 et
2431 1321 2725 1390 ,altitudi-

705 1412 810 1478 nis
880 1411 950 1475 in
1020 1431 1092 1475 se
1165 1419 1473 1494 spectata
1538 1411 1751 1508 magis
1816 1409 2151 1484 extollitur
2204 1409 2600 1496 graviusque
2650 1407 2725 1507 si·

589 1579 606 1582 -
705 1496 1082 1584 gnificatur.
1185 1494 1396 1560 Cuius
1446 1517 1721 1580 ,generis
1780 1493 1981 1560 alium
2034 1493 2267 1560 locum·
2292 1494 2489 1580 plane
2532 1515 2726 1559 consi·-

704 1582 926 1647 milem
983 1601 1200 1665 nuper
1253 1579 1322 1644 in
1369 1578 1675 1645 Phaedro
1720 1579 2019 1644 Platonis
2076 1580 2406 1646 communi
2450 1579 2729 1646 codicum

705 1687 1037 1733 consensu
1103 1687 1146 1728 a
1219 1664 1597 1730 criticorum
1668 1663 2193 1731 dubitationibus
2270 1663 2727 1733 vindicavimus

705 1775 770 1840 p.
831 1751 978 1816 2⁶29.
1037 1749 1122 1814 D.
1149 1781 1157 1788 ·
1184 1749 1298 1814 ubi
1341 1749 1707 1816 rectissime
1752 1749 2029 1838 legitur:
2068 1753 2187 1826 ,καὶ
2228 1747 2452 1816 ἄλλων
2498 1745 2727 1833 ἀμηχά·

673 1859 842 1904 -νων
895 1831 1136 1915 πλήθη
1201 1859 1272 1900 τε
1329 1839 1449 1900 καϊ
1496 1834 1773 1900 tironiae.
1844 1832 2305 1919 τερατολόγων,
2360 1837 2569 1901 τινῶν
2622 1830 2725 1920 ‹pni-

707 1943 898 1987 σεων.
985 1921 1214 2003 Atque
1261 1917 1491 1987 eadem
1536 1919 1731 2004 plane
1769 1918 1941 1984 ratio
1981 1928 2083 1986 est
2128 1920 2324 1984 etiam
2369 1922 2725 1987 verboruma

709 2005 856 2072 die
907 2001 1244 2070 «Gotter
1319 2003 1738 2070 ordneten
1806 2005 1916 2070 den
1981 2007 2245 2070 Weehsel'
2298 2005 2445 2070 der
2488 2003 2726 2070 Festo

711 2113 848 2174 an,
910 2111 1031 2176 pro
1089 2111 1169 2155 eo
1233 2088 1414 2173 quod
1490 2089 1621 2154 dici
1680 2089 1837 2154 item
1893 2090 2140 2175 potuit:
2210 2087 2726 2165 wechselnde

709 2176 1002 2258 Feste,
1049 2175 1483 2258 aliorumque,
1532 2197 1700 2259 quae
1745 2185 1943 2240 antea
1969 2177 2326 2241 memorata
2354 2186 2541 2255 sunt3
2582 2193 2729 2258 quae

709 2263 842 2326 iam
883 2259 1267 2346 singulatim
1310 2281 1699 2345 percensere
1726 2283 1861 2324 non
1895 2282 2063 2344 opus
2110 2259 2393 2338 videtur.
2484 2261 2567 2327 In
2605 2257 2728 2350 qui·

709 2347 836 2412 bus
883 2343 1164 2430 ‚quidem
1219 2345 1385 2413 locis
1413 2426 1418 2433 ι
1448 2344 1628 2428 quod
1678 2342 1957 2411 subinde
2018 2346 2215 2411 etiam
2258 2344 2587 2414 adiectiva
2623 2365 2725 2409 ‚noe

709 2431 870 2497 mini
929 2432 1268 2497 abstracto
1337 2430 1837 2513 consociantur,
1896 2452 2067 2513 quae
2122 2434 2387 2517 proprie
2446 2446 2727 2499 concreto

711 2516 962 2581 nomini
1005 2515 1435 2593 conveniunt,
1478 2524 1558 2583 ut
1598 2538 1805 2599 quum
1850 2514 2091 2580 dicitur
2136 2522 2397 2581 παίδων
2442 2513 2727 2590 ἱκανότης

711 2598 930 2682 ἄρῥην
959 2603 1069 2664 καὶ
1107 2596 1374 2679 θήλεια,
1420 2597 1623 2663 habet
1659 2600 1839 2685 istud
1868 2600 2131 2683 quidem
2174 2600 2429 2687 aliquid
2466 2598 2723 2687 poetici3

709 2705 837 2749 nec
877 2692 1098 2747 tamen
1151 2682 1222 2746 in
1267 2704 1570 2748 sermone
1612 2684 1939 2768 pedestri,
1988 2686 2104 2771 qui
2148 2709 2281 2753 non
2322 2688 2415 2753 sit
2442 2710 2497 2755 ,a
2538 2682 2726 2773 gravi-

711 2777 854 2834 tate
907 2777 978 2831 et
1033 2766 1435 2849 sublimitate
1476 2768 1789 2854 alienior,
1859 2780 2103 2836 temere
2146 2768 2727 2857 reprehendendum

711 2874 864 2919 esse
921 2852 1113 2917 facile
1176 2852 1304 2918 sibi
1373 2854 1869 2939 persuadebunt
1928 2854 2045 2938 qui
2104 2877 2271 2939 quae
2330 2856 2415 2923 de
2474 2858 2595 2923 hoc
2644 2851 2727 2917 di·

713 2935 910 3004 cendi
965 2960 1204 3025 genere
1259 2936 1573 3005 disseruit
1608 2937 1841 3008 God.
1898 2939 2415 3029 Bernhardy
2476 2942 2724 3028 Syntax·

713 3021 957 3089 Graec.
1015 3046 1084 3107 p.
1124 3025 1231 3088 52.
1277 3045 1388 3108 sq.⁷
1420 3024 1591 3089 bene
1630 3023 2119 3112 perpenderint.

884 3108 1134 3173 Verum
1193 3108 1353 3173 satis
1409 3108 1581 3174 ⁵haec
1642 3133 1764 3196 pro
1822 3119 2048 3175 nostro
2092 3110 2372 3175 consilio
2419 3110 2503 3175 de
2542 3106 2727 3175 nomi-

709 3193 910 3258 nibus
969 3192 1322 3258 abstractis
1376 3192 1445 3271 in
1502 3192 1689 3259 libris
1748 3194 2009 3281 Legum
2062 3195 2444 3279 usurpatis,
2514 3191 2729 3281 quibus

711 3277 1126 3360 explicandis
1177 3278 1312 3342 iam
1365 3277 1437 3341 id
1478 3276 1799 3347 effecisse
1843 3279 2183 3363 videmur,
2226 3289 2323 3345 ut.
2345 3279 2521 3345 hunc
2561 3296 2728 3343 usum

711 3360 876 3425 nihil
919 3360 1148 3428 vitiosi
1203 3370 1322 3429 aut
1362 3362 1569 3448 inepti
1614 3374 1683 3430 et
1720 3364 1892 3431 male
1934 3362 2229 3431 affectati
2273 3364 2515 3431 habere
2552 3381 2725 3447 quam

711 3445 1069 3511 clarissime
1113 3456 1449 3534 appareat.
1700 3488 1707 3495 -
2705 3478 2709 3487 ·

881 3528 1230 3614 Reliquum
1275 3542 1380 3598 est
1422 3532 1667 3619 igitur,
1721 3549 1798 3597 ut.
1840 3531 2090 3616 aliquid
2132 3533 2217 3599 de
2261 3534 2405 3601 eius
2451 3534 2727 3614 frequen·

703 3613 800 3677 tia
841 3614 914 3679 in
958 3615 1061 3681 his
1117 3616 1302 3683 libris
1366 3616 1794 3685 insolentiore
1852 3616 2297 3687 adiiciendum
2342 3620 2457 3701 sit,
2499 3614 2724 3703 quippe

711 3721 901 3797 quae·
939 3701 1182 3767 criticis
1235 3702 1380 3767 visa
1434 3702 1519 3767 sit
1572 3701 1986 3787 suspiciosas
2070 3704 2172 3769 De
2230 3726 2309 3769 ea
2366 3726 2524 3769 vero
2584 3694 2723 3783 quid

705 3786 1070 3851 existimari
1129 3795 1467 3872 oporteat,
1542 3788 1811 3875 cognito
1869 3788 2005 3853 iam
2056 3796 2123 3852 et
2190 3797 2542 3875 perspecto
2598 3786 2724 3869 ipso

703 3868 1025 3953 loquendi
1079 3892 1242 3952 usu,
1299 3870 1479 3938 haud
1546 3894 1705 3937 sane
1748 3870 2031 3942 difficile.
2072 3874 2198 3941 erit
2243 3874 2484 3939 certius
2526 3871 2726 3935 decer-

713 3976 890 4019 nere.
993 3954 1164 4020 Nam
1222 3965 1300 4021 ut
1357 3955 1522 4022 nihil
1566 3956 1861 4027 dieamus
1916 3957 1997 4022 de
2039 3980 2166 4041 eo,
2224 3958 2407 4043 quod
2460 3956 2575 4023 illa
2626 3971 2727 4037 per

704 4059 778 4104 se
817 4050 1134 4123 spectata
1177 4041 1248 4105 in
1288 4064 1492 4128 opere
1537 4040 1703 4107 adeo
1748 4042 1965 4129 amplo
2008 4066 2145 4109 non
2187 4050 2322 4110 tain
2366 4062 2603 4128 magna
2638 4043 2729 4101 est

699 4142 896 4205 quam
939 4126 1152 4211 primo
1195 4124 1523 4211 adspectu
1563 4124 1902 4208 videatur,
1945 4127 2101 4194 tulit.
2146 4137 2331 4197 certe
2373 4127 2565 4201 etiam
2606 4122 2723 4189 Le-
