2857 4738
680 282 927 348 xxv1
1055 363 1072 370 ‚
1337 279 2066 348 PROLEGOMENA

659 451 962 516 ,collecta
1014 451 1321 536 insignes·
1373 471 1520 516 esse
1580 451 1819 516 debere
1884 447 2277 514 iudicantur.
2396 450 2733 532 Quocirca

686 557 806 601 nec
865 535 1028 602 haec
1090 536 1461 620 importune
1527 537 1637 610 hic
1679 536 2019 601 inculcata
2053 556 2199 598 esse
2242 535 2385 598 iure
2430 534 2735 600 videmur

688 631 974 686 statuere
1033 631 1230 704 atque
1276 621 1694 685 contendere.
1802 623 2149 684 Postremo
2194 641 2354 683 vero
2400 621 2599 684 etiam
2646 619 2733 702 ad

689 714 958 770 mortem
1008 717 1074 770 et
1114 727 1219 769 res
1267 717 1591 772 extremas
1651 704 2017 788 devenitur,
2060 705 2493 787 feranturque
2538 707 2731 791 leges

691 791 772 856 de
829 792 1023 854 iustis
1087 801 1154 854 et
1208 791 1571 856 honoribus
1616 789 1889 854 mortuis
1937 789 2411 876 persolvendis,
2497 792 2731 874 Atque

687 878 814 941 hac
873 877 1018 962 ipsa
1072 897 1142 939 re
1187 876 1420 959 finitur
1473 875 1748 941 tandem
1785 875 2132 939 universae
2174 875 2393 960 legum
2439 877 2735 959 promul-

689 962 975 1043 gationis
1022 961 1358 1048 negotium
1419 963 1512 1046 (p.
1560 961 1913 1044 960.-B.).‚
1962 968 2038 1023 ut
2080 959 2273 1024 facile
2322 960 2733 1048 intelligatur

689 1069 1056 1110 sermonem
1118 1044 1270 1109 inde
1331 1047 1412 1110 ab
1467 1048 1614 1110 ortu
1659 1045 1943 1110 hominis
1988 1049 2379 1130 susceptum'
2438 1045 2729 1130 denique

689 1134 756 1195 in
801 1131 995 1196 rebus
1039 1131 1324 1213 ultimis,
1388 1154 1557 1215 quae
1604 1131 1853 1194 homini
1901 1130 2351 1213 expectandae
2398 1131 2571 1214 sint,
2622 1130 2733 1196 de·-

690 1217 902 1282 sinere
961 1239 1038 1280 ac
1093 1216 1297 1280 veluti
1360 1217 1846 1300 conquiescere.
1964 1215 2099 1281 Sed
2184 1237 2583 1299 quamquam
2639 1217 2735 1281 ita

689 1303 908 1388 legum
966 1298 1457 1367 scribendarum
1516 1302 1770 1366 muneri
1840 1313 1909 1366 et
1966 1300 2191 1365 officio
2235 1300 2497 1365 abunde
2544 1302 2733 1384 satis·-

691 1389 933 1452 factum
995 1386 1290 1466 videtur,
1356 1397 1577 1451 tamen
1642 1387 1837 1450 etiam
1897 1407 2073 1467 nunc
2118 1385 2307 1450 deest
2351 1386 2605 1469 aliquid
2652 1385 2733 1451 ad

605 1515 608 1518 ⁴
692 1471 1002 1537 tuendam
1047 1472 1336 1540 civitatis
1384 1471 1920 1554 incolumitatem,
1970 1470 2051 1534 de
2098 1495 2228 1558 quo
2270 1472 2400 1546 iam
2442 1471 2632 1537 Libr.
2678 1472 2733 1536 Ι.

655 1584 756 1644 ·p.
799 1559 948 1622 632.
995 1559 1080 1620 A.
1127 1579 1274 1640 sqq.
1317 1557 1447 1620 fuit
1510 1556 1938 1622 admonitum.
2045 1555 2491 1621 Constituitur
2534 1557 2735 1643 igitur

693 1642 975 1725 denique
1020 1651 1386 1706 conventus
1433 1641 1541 1706 ille
1586 1650 1946 1707 nocturnus
1976 1640 2349 1722 custodum,
2399 1640 2514 1725 qui
2550 1643 2735 1726 quasi

693 1730 900 1792 instar
955 1750 1098 1792 esse
1155 1725 1395 1790 debere
1460 1726 1789 1790 iudicatur
1846 1727 2081 1791 mentis
2144 1734 2209 1789 et
2253 1727 2735 1811 praestantissi-

693 1833 945 1876 morum
1004 1835 1312 1876 sensuum
1347 1812 1442 1874 -in
1500 1813 1933 1878 animantium
1986 1812 2201 1897 capite
2244 1812 2733 1876 collocatorum.

697 1897 776 1962 In
833 1897 1084 1961 incerto
1135 1907 1355 1960 tamen
1415 1897 1838 1980 relinquitur,
1910 1919 2271 1980 quaenam,
2345 1896 2611 1981 quando
2674 1907 2737 1960 et

697 1981 1008 2066 quamdiu
1051 1983 1119 2045 hi
1165 1981 1479 2048 custodes
1529 1983 1815 2047 civitatis
1848 1981 2101 2048 discere
2144 1980 2445 2046 debeant.
2541 1981 2733 2047 Unde

701 2070 968 2132 fuerunt
1036 2069 1148 2151 qui
1224 2076 1535 2152 protenus
1606 2066 2082 2138 concluderent
2156 2089 2323 2152 opus
2398 2067 2533 2132 fine
2593 2087 2733 2131 esse

695 2164 1089 2217 truncatum.
1209 2157 1304 2216 At
1365 2153 1695 2217 enimvero
1770 2151 1948 2216 istud
2006 2150 2271 2236 quidem
2330 2175 2491 2216 sese‘
2540 2153 2734 2216 habet

697 2238 906 2302 multo
953 2238 1158 2302 aliter.
1261 2237 1388 2300 Est
1433 2238 1599 2301 enim
1648 2259 1814 2323 opus
1858 2238 2086 2322 utique
2131 2239 2495 2322 perfectum
2544 2248 2733 2319 atque

699 2323 1104 2393 absolutum..
1194 2323 1366 2388 Nam
1423 2321 1604 2407 quod
1664 2323 1826 2387 nihil
1891 2323 2019 2389 hoc
2074 2323 2143 2386 in
2198 2345 2441 2411 genere
2502 2322 2583 2387 de
2626 2343 2731 2386 cu-

698 2408 998 2475 stodibus
1059 2408 1394 2488 definitur,
1444 2409 1523 2472 fit
1564 2408 1729 2473 illud
1787 2418 2170 2497 propterea,
2248 2408 2430 2492 quod
2512 2430 2732 2493 proce-

699 2494 899 2557 dente
941 2503 1260 2575 tempore,
1307 2495 1455 2577 ipsa
1500 2494 1901 2579 experientia
1944 2494 2294 2578 magistra,
2352 2495 2597 2557 certius
2641 2492 2730 2555 in-

697 2578 1029 2655 tellectum
1075 2578 1158 2640 iri
1201 2576 1552 2659 iudicatur,
1599 2577 1759 2660 quid
1788 2578 1871 2642 de
1916 2578 2017 2643 his
2044 2579 2243 2643 rebus
2286 2578 2553 2663 publice
2592 2600 2731 2643 san-

639 2676 648 2681 ’
700 2660 1002 2725 ciendum
1065 2662 1170 2727 sit.
1271 2662 1511 2743 Itaque
1571 2662 1679 2727 hic
1740 2686 2003 2747 quoque
2064 2663 2247 2729 salva
2304 2674 2464 2727 sunt
2525 2662 2733 2727 omnia

699 2768 910 2830 neque
965 2745 1100 2810 ulla
1155 2747 1671 2833 imperfectionis
1749 2758 1863 2812 aut
1918 2750 2057 2812 vitii
2116 2749 2423 2833 suspicio·
2487 2746 2733 2811 videtur

699 2833 920 2896 locum
965 2831 1205 2897 habere
1251 2854 1512 2917 possew
2066 2874 2073 2887 ·

872 2917 1012 2981 Iam
1074 2940 1227 2981 vero
1291 2918 1454 2983 haec
1499 2920 1741 2998 omnia,
1794 2941 1961 3001 quae
2018 2917 2101 2981 de
2157 2919 2528 3005 argumenti
2610 2926 2731 2979 tra-

700 3003 990 3067 ctatione
1049 3003 1512 3089 exposuimuS,
1572 3014 1791 3067 mente
1853 3015 1919 3066 et
1979 3004 2197 3067 animo
2245 3002 2728 3068 considerantes

701 3100 768 3153 et
811 3089 999 3171 quasi
1033 3097 1424 3153 contuentes
1456 3110 1676 3151 nonne
1704 3088 1892 3152 fateri
1922 3086 2309 3153 debebimus
2338 3088 2581 3152 iustam
2612 3085 2729 3169 uti-
2758 3091 2769 3095 “

701 3197 828 3257 que
897 3196 1044 3239 esse
1113 3174 1463 3237 universae
1536 3173 2124 3258 argumentationis
2208 3172 2727 3259 progressionem

699 3268 895 3343 atque
957 3258 1360 3345 singularum
1416 3258 1701 3344 partium
1769 3280 1909 3321 eam
1970 3256 2475 3345 descriptionem
2522 3266 2587 3320 et
2628 3276 2731 3317 co-

747 3343 1144 3426 nlationem,
1205 3366 1374 3427 quae
1438 3342 1831 3429 elegantiam
1914 3366 1990 3406 ac
2060 3343 2417 3407 sollertiam
2490 3337 2729 3439 ingenii

762 3428 1031 3492 latonici
1074 3429 1266 3515 plane
1313 3427 1763 3493 contestetur?
1854 3428 2116 3491 Etenim
2150 3429 2204 3493 si
2244 3427 2729 3497 discesserimus

701 3537 740 3575 a
800 3515 1028 3597 paucis
1090 3512 1484 3596 quibusdam
1541 3514 1757 3595 iisque
1826 3536 2139 3598 perquam
2202 3514 2457 3599 exiguis
2523 3507 2730 3595 operis

701 3597 1035 3683 partibus,
1095 3599 1160 3661 in
1229 3600 1469 3682 quibus
1516 3597 1769 3682 aliquid
1827 3598 2201 3683 neglectum
2272 3607 2387 3663 aut
2442 3605 2727 3681 praeter-

701 3684 968 3747 missum
1034 3682 1374 3764 videatur,-
1436 3694 1611 3748 certe
1676 3683 1839 3746 nihil
1903 3683 2264 3768 quidquam
2324 3704 2601 3766 usquam·
2637 3678 2729 3741 in·

703 3768 1012 3853 vestigari
1059 3768 1324 3852 poterit,
1372 3768 1555 3851 quod
1597 3769 1832 3833 inscite
1876 3779 1993 3832 aut
2050 3770 2272 3855 inepte
2308 3766 2729 3853 sitdisputa-

699 3865 872 3932 tum3
917 3854 1048 3918 imo
1079 3854 1297 3917 omnia
1329 3863 1464 3917 tam
1503 3854 1834 3940 eleganter
1880 3852 2227 3940 disposita,
2275 3860 2408 3920 tam
2444 3850 2729 3917 sollerter

701 3940 1075 4018 coniuncta,
1123 3948 1254 4001 tam
1301 3940 1634 4024 praeclare
1681 3939 1963 4021 denique
2000 3940 2323 4025 explicata
2366 3946 2433 4002 et
2474 3934 2557 4001 ad
2602 3930 2727 3997 exi-

701 4033 836 4089 tum
895 4024 1224 4108 perducta
1282 4034 1477 4106 sunt,
1534 4034 1611 4089 ut
1668 4026 1735 4087 in
1800 4026 2082 4089 maxima
2138 4047 2355 4089 rerum
2412 4021 2723 4107 variarum

702 4130 778 4173 ac
855 4109 1264 4175 dissimilium
1340 4110 1751 4175 enarratione
1839 4132 1915 4175 ac
2005 4108 2447 4200 disputatione
2523 4120 2723 4168 tamen
