<?xml version="1.0" encoding="UTF-8"?>
<!DOCTYPE html PUBLIC "-//W3C//DTD XHTML 1.0 Transitional//EN"
    "http://www.w3.org/TR/xhtml1/DTD/xhtml1-transitional.dtd">
<html xmlns="http://www.w3.org/1999/xhtml" xml:lang="en" lang="en">
 <head>
  <title>
</title>
<meta http-equiv="Content-Type" content="text/html;charset=utf-8" />
  <meta name='ocr-system' content='tesseract 3.04.00' />
  <meta name='ocr-capabilities' content='ocr_page ocr_carea ocr_par ocr_line ocrx_word'/>
</head>
<body>
  <div class='ocr_page' id='page_1' title='image "./legesetepinomis00unkngoog_0081.png"; bbox 0 0 2857 4738; ppageno 0'>
   <div class='ocr_carea' id='block_1_1' title="bbox 630 315 2016 390">
    <p class='ocr_par' dir='ltr' id='par_1_1' title="bbox 630 315 2016 390">
     <span class='ocr_line' id='line_1_1' title="bbox 630 315 2016 390; baseline -0.006 0"><span class='ocrx_word' id='word_1_1' title='bbox 630 325 763 390; x_wconf 75' lang='lat' dir='ltr'><strong>Lx</strong></span> <span class='ocrx_word' id='word_1_2' title='bbox 1210 355 1223 366; x_wconf 85' lang='lat'><strong>·</strong></span> <span class='ocrx_word' id='word_1_3' title='bbox 1285 315 1816 386; x_wconf 70' lang='lat' dir='ltr'>PROLFJGOM</span> <span class='ocrx_word' id='word_1_4' title='bbox 1826 315 2016 382; x_wconf 68' lang='lat' dir='ltr'><strong>ENA</strong></span> 
     </span>
    </p>
   </div>
   <div class='ocr_carea' id='block_1_2' title="bbox 605 483 2716 4234">
    <p class='ocr_par' dir='ltr' id='par_1_2' title="bbox 624 483 2688 1766">
     <span class='ocr_line' id='line_1_2' title="bbox 630 483 2686 586; baseline -0.003 -28"><span class='ocrx_word' id='word_1_5' title='bbox 630 491 897 580; x_wconf 80' lang='lat' dir='ltr'><strong>aliquod</strong></span> <span class='ocrx_word' id='word_1_6' title='bbox 962 501 1029 558; x_wconf 82' lang='lat' dir='ltr'><strong>et</strong></span> <span class='ocrx_word' id='word_1_7' title='bbox 1106 486 1456 578; x_wconf 78' lang='lat' dir='ltr'><strong>collegium</strong></span> <span class='ocrx_word' id='word_1_8' title='bbox 1521 485 1900 586; x_wconf 79' lang='lat' dir='ltr'><strong>significant</strong></span> <span class='ocrx_word' id='word_1_9' title='bbox 2021 483 2336 551; x_wconf 76' lang='lat' dir='ltr'><strong>adiuncta</strong></span> <span class='ocrx_word' id='word_1_10' title='bbox 2397 485 2686 554; x_wconf 75' lang='lat' dir='ltr'><strong>subinde</strong></span> 
     </span>
     <span class='ocr_line' id='line_1_3' title="bbox 632 533 2686 664; baseline -0.003 -20"><span class='ocrx_word' id='word_1_11' title='bbox 632 579 829 644; x_wconf 87' lang='lat' dir='ltr'><strong>etiam</strong></span> <span class='ocrx_word' id='word_1_12' title='bbox 894 574 1376 664; x_wconf 83' lang='lat' dir='ltr'><strong>significatione</strong></span> <span class='ocrx_word' id='word_1_13' title='bbox 1439 571 1788 660; x_wconf 73' lang='lat' dir='ltr'><strong>gravltatis</strong></span> <span class='ocrx_word' id='word_1_14' title='bbox 1829 533 2036 636; x_wconf 77' lang='lat' dir='ltr'><strong>oflicii</strong></span> <span class='ocrx_word' id='word_1_15' title='bbox 2087 579 2290 655; x_wconf 86' lang='lat' dir='ltr'><strong>atque</strong></span> <span class='ocrx_word' id='word_1_16' title='bbox 2333 568 2686 659; x_wconf 78' lang='lat' dir='ltr'><strong>dignitatis</strong></span> 
     </span>
     <span class='ocr_line' id='line_1_4' title="bbox 630 653 2684 746; baseline -0.002 -18"><span class='ocrx_word' id='word_1_17' title='bbox 630 663 943 728; x_wconf 74' lang='lat' dir='ltr'><strong>muneris.</strong></span> <span class='ocrx_word' id='word_1_18' title='bbox 1020 659 1357 744; x_wconf 80' lang='lat' dir='ltr'><strong>Quorsum</strong></span> <span class='ocrx_word' id='word_1_19' title='bbox 1392 659 1726 746; x_wconf 79' lang='lat' dir='ltr'><strong>pertinent</strong></span> <span class='ocrx_word' id='word_1_20' title='bbox 1755 653 1846 723; x_wconf 81' lang='grc' dir='ltr'><strong>τὸ</strong></span> <span class='ocrx_word' id='word_1_21' title='bbox 1877 655 2484 743; x_wconf 75' lang='grc' dir='ltr'><strong><em>δικαστήριον,</em></strong></span> <span class='ocrx_word' id='word_1_22' title='bbox 2529 656 2684 724; x_wconf 87' lang='lat' dir='ltr'><strong>das</strong></span> 
     </span>
     <span class='ocr_line' id='line_1_5' title="bbox 628 737 2688 831; baseline -0.003 -18"><span class='ocrx_word' id='word_1_23' title='bbox 628 747 995 814; x_wconf 84' lang='lat' dir='ltr'><strong>Gericht</strong></span> <span class='ocrx_word' id='word_1_24' title='bbox 1119 767 1241 831; x_wconf 89' lang='lat' dir='ltr'><strong>pro</strong></span> <span class='ocrx_word' id='word_1_25' title='bbox 1320 749 1398 810; x_wconf 85' lang='grc' dir='ltr'><strong>οἱ</strong></span> <span class='ocrx_word' id='word_1_26' title='bbox 1477 746 1930 824; x_wconf 80' lang='grc' dir='ltr'><strong><em>δικασταί,</em></strong></span> <span class='ocrx_word' id='word_1_27' title='bbox 2017 738 2060 821; x_wconf 83' lang='grc' dir='ltr'><strong><em>ἡ</em></strong></span> <span class='ocrx_word' id='word_1_28' title='bbox 2141 737 2352 827; x_wconf 79' lang='grc' dir='ltr'><em>ἀρχή</em></span> <span class='ocrx_word' id='word_1_29' title='bbox 2417 741 2524 808; x_wconf 89' lang='lat' dir='ltr'><strong>vel</strong></span> <span class='ocrx_word' id='word_1_30' title='bbox 2589 745 2688 807; x_wconf 70' lang='lat' dir='ltr'><strong>al</strong></span> 
     </span>
     <span class='ocr_line' id='line_1_6' title="bbox 628 793 2682 920; baseline -0.003 -21"><span class='ocrx_word' id='word_1_31' title='bbox 628 834 928 920; x_wconf 75' lang='grc' dir='ltr'><strong><em>ἀρχαί,</em></strong></span> <span class='ocrx_word' id='word_1_32' title='bbox 990 793 1125 896; x_wconf 82' lang='lat' dir='ltr'><strong>die</strong></span> <span class='ocrx_word' id='word_1_33' title='bbox 1190 828 1664 916; x_wconf 84' lang='lat' dir='ltr'><strong>Obrigkeit</strong></span> <span class='ocrx_word' id='word_1_34' title='bbox 1703 849 1827 913; x_wconf 89' lang='lat' dir='ltr'><strong>pro</strong></span> <span class='ocrx_word' id='word_1_35' title='bbox 1873 831 1939 892; x_wconf 78' lang='grc' dir='ltr'><strong>οἱ</strong></span> <span class='ocrx_word' id='word_1_36' title='bbox 1984 823 2340 912; x_wconf 68' lang='grc' dir='ltr'><strong><em>ἄρχοντες,</em></strong></span> <span class='ocrx_word' id='word_1_37' title='bbox 2383 825 2682 912; x_wconf 85' lang='lat' dir='ltr'><strong>itemque</strong></span> 
     </span>
     <span class='ocr_line' id='line_1_7' title="bbox 630 910 2686 999; baseline -0.002 -16"><span class='ocrx_word' id='word_1_38' title='bbox 630 919 759 983; x_wconf 91' lang='lat' dir='ltr'><strong>alia</strong></span> <span class='ocrx_word' id='word_1_39' title='bbox 816 915 1057 984; x_wconf 75' lang='lat' dir='ltr'><strong>similia</strong></span> <span class='ocrx_word' id='word_1_40' title='bbox 1156 936 1437 998; x_wconf 84' lang='lat' dir='ltr'><strong>quorum</strong></span> <span class='ocrx_word' id='word_1_41' title='bbox 1499 932 1702 999; x_wconf 83' lang='lat' dir='ltr'><strong>supra</strong></span> <span class='ocrx_word' id='word_1_42' title='bbox 1753 911 1998 978; x_wconf 87' lang='lat' dir='ltr'><strong>iniecta</strong></span> <span class='ocrx_word' id='word_1_43' title='bbox 2064 910 2308 976; x_wconf 87' lang='lat' dir='ltr'><strong>mentio</strong></span> <span class='ocrx_word' id='word_1_44' title='bbox 2385 921 2523 978; x_wconf 84' lang='lat' dir='ltr'><strong>est=</strong></span> <span class='ocrx_word' id='word_1_45' title='bbox 2605 921 2686 978; x_wconf 86' lang='lat' dir='ltr'><strong>ut</strong></span> 
     </span>
     <span class='ocr_line' id='line_1_8' title="bbox 636 963 2680 1088; baseline -0.003 -20"><span class='ocrx_word' id='word_1_46' title='bbox 636 1011 837 1088; x_wconf 83' lang='lat' dir='ltr'><strong>quum</strong></span> <span class='ocrx_word' id='word_1_47' title='bbox 882 1023 1005 1066; x_wconf 90' lang='lat' dir='ltr'><strong>nos</strong></span> <span class='ocrx_word' id='word_1_48' title='bbox 1046 963 1361 1064; x_wconf 80' lang='lat' dir='ltr'><strong>dicimus:</strong></span> <span class='ocrx_word' id='word_1_49' title='bbox 1410 996 1562 1062; x_wconf 92' lang='lat' dir='ltr'><strong>das</strong></span> <span class='ocrx_word' id='word_1_50' title='bbox 1607 995 1976 1063; x_wconf 85' lang='lat' dir='ltr'><strong>Gericbt</strong></span> <span class='ocrx_word' id='word_1_51' title='bbox 2029 994 2175 1060; x_wconf 88' lang='lat' dir='ltr'><strong>hat</strong></span> <span class='ocrx_word' id='word_1_52' title='bbox 2229 995 2680 1062; x_wconf 81' lang='lat' dir='ltr'><strong>entschie-</strong></span> 
     </span>
     <span class='ocr_line' id='line_1_9' title="bbox 628 1078 2682 1170; baseline -0.002 -19"><span class='ocrx_word' id='word_1_53' title='bbox 628 1087 823 1164; x_wconf 80' lang='lat' dir='ltr'><strong>den3</strong></span> <span class='ocrx_word' id='word_1_54' title='bbox 900 1084 1050 1150; x_wconf 89' lang='lat' dir='ltr'><strong>der</strong></span> <span class='ocrx_word' id='word_1_55' title='bbox 1126 1081 1598 1170; x_wconf 84' lang='lat' dir='ltr'><strong>Obrigkeit</strong></span> <span class='ocrx_word' id='word_1_56' title='bbox 1667 1081 1790 1147; x_wconf 89' lang='lat' dir='ltr'><strong>ist</strong></span> <span class='ocrx_word' id='word_1_57' title='bbox 1867 1078 2128 1146; x_wconf 79' lang='lat' dir='ltr'><strong>Jeder</strong></span> <span class='ocrx_word' id='word_1_58' title='bbox 2207 1079 2682 1147; x_wconf 83' lang='lat' dir='ltr'><strong>Gehorsam</strong></span> 
     </span>
     <span class='ocr_line' id='line_1_10' title="bbox 628 1164 2680 1258; baseline -0.002 -21"><span class='ocrx_word' id='word_1_59' title='bbox 628 1170 1076 1258; x_wconf 86' lang='lat' dir='ltr'><strong>schuldig,</strong></span> <span class='ocrx_word' id='word_1_60' title='bbox 1122 1169 1243 1235; x_wconf 82' lang='lat' dir='ltr'><strong>al.·</strong></span> <span class='ocrx_word' id='word_1_61' title='bbox 1294 1165 1562 1254; x_wconf 82' lang='lat' dir='ltr'><strong>Quippe</strong></span> <span class='ocrx_word' id='word_1_62' title='bbox 1615 1167 1816 1232; x_wconf 85' lang='lat' dir='ltr'><strong>etiam</strong></span> <span class='ocrx_word' id='word_1_63' title='bbox 1875 1166 1943 1231; x_wconf 90' lang='lat' dir='ltr'><strong>in</strong></span> <span class='ocrx_word' id='word_1_64' title='bbox 1985 1164 2228 1232; x_wconf 77' lang='lat' dir='ltr'><strong>talibus</strong></span> <span class='ocrx_word' id='word_1_65' title='bbox 2272 1188 2473 1251; x_wconf 89' lang='lat' dir='ltr'><strong>quum</strong></span> <span class='ocrx_word' id='word_1_66' title='bbox 2515 1187 2680 1232; x_wconf 79' lang='lat' dir='ltr'><strong>eon-</strong></span> 
     </span>
     <span class='ocr_line' id='line_1_11' title="bbox 628 1250 2679 1341; baseline -0.003 -19"><span class='ocrx_word' id='word_1_67' title='bbox 628 1266 838 1340; x_wconf 85' lang='lat' dir='ltr'><strong>creta,</strong></span> <span class='ocrx_word' id='word_1_68' title='bbox 886 1278 1055 1341; x_wconf 87' lang='lat' dir='ltr'><strong>quae</strong></span> <span class='ocrx_word' id='word_1_69' title='bbox 1100 1264 1446 1337; x_wconf 83' lang='lat' dir='ltr'><strong>vocantur,</strong></span> <span class='ocrx_word' id='word_1_70' title='bbox 1491 1253 1758 1318; x_wconf 88' lang='lat' dir='ltr'><strong>nomina</strong></span> <span class='ocrx_word' id='word_1_71' title='bbox 1795 1250 2096 1338; x_wconf 82' lang='lat' dir='ltr'><strong>singulos</strong></span> <span class='ocrx_word' id='word_1_72' title='bbox 2123 1250 2424 1339; x_wconf 81' lang='lat' dir='ltr'><strong>homines</strong></span> <span class='ocrx_word' id='word_1_73' title='bbox 2467 1251 2679 1338; x_wconf 87' lang='lat' dir='ltr'><strong>signi-</strong></span> 
     </span>
     <span class='ocr_line' id='line_1_12' title="bbox 626 1337 2678 1424; baseline -0.003 -18"><span class='ocrx_word' id='word_1_74' title='bbox 626 1342 853 1424; x_wconf 78' lang='lat' dir='ltr'><strong>ficent,</strong></span> <span class='ocrx_word' id='word_1_75' title='bbox 896 1351 1036 1406; x_wconf 88' lang='lat' dir='ltr'><strong>tum</strong></span> <span class='ocrx_word' id='word_1_76' title='bbox 1081 1363 1196 1423; x_wconf 86' lang='lat' dir='ltr'><strong>ea,</strong></span> <span class='ocrx_word' id='word_1_77' title='bbox 1302 1361 1430 1404; x_wconf 88' lang='lat' dir='ltr'><strong>uae</strong></span> <span class='ocrx_word' id='word_1_78' title='bbox 1488 1347 1646 1404; x_wconf 84' lang='lat' dir='ltr'><strong>sunt</strong></span> <span class='ocrx_word' id='word_1_79' title='bbox 1688 1337 2044 1418; x_wconf 85' lang='lat' dir='ltr'><strong>abstracta,</strong></span> <span class='ocrx_word' id='word_1_80' title='bbox 2091 1358 2350 1402; x_wconf 86' lang='lat' dir='ltr'><strong>omnem</strong></span> <span class='ocrx_word' id='word_1_81' title='bbox 2397 1337 2528 1401; x_wconf 85' lang='lat' dir='ltr'><strong>vim</strong></span> <span class='ocrx_word' id='word_1_82' title='bbox 2571 1337 2678 1410; x_wconf 65' lang='lat' dir='ltr'><strong>os-</strong></span> 
     </span>
     <span class='ocr_line' id='line_1_13' title="bbox 624 1420 2678 1512; baseline -0.003 -20"><span class='ocrx_word' id='word_1_83' title='bbox 624 1427 784 1511; x_wconf 84' lang='lat' dir='ltr'><strong>ficii,</strong></span> <span class='ocrx_word' id='word_1_84' title='bbox 830 1425 1145 1510; x_wconf 89' lang='lat' dir='ltr'><strong>muneris,</strong></span> <span class='ocrx_word' id='word_1_85' title='bbox 1189 1447 1271 1492; x_wconf 91' lang='lat' dir='ltr'><strong>co</strong></span> <span class='ocrx_word' id='word_1_86' title='bbox 1294 1424 1456 1512; x_wconf 82' lang='lat' dir='ltr'><strong>legii</strong></span> <span class='ocrx_word' id='word_1_87' title='bbox 1497 1439 1831 1509; x_wconf 78' lang='lat' dir='ltr'><strong>tamquam</strong></span> <span class='ocrx_word' id='word_1_88' title='bbox 1873 1422 1944 1488; x_wconf 91' lang='lat' dir='ltr'><strong>in</strong></span> <span class='ocrx_word' id='word_1_89' title='bbox 1997 1443 2200 1486; x_wconf 90' lang='lat' dir='ltr'><strong>unum</strong></span> <span class='ocrx_word' id='word_1_90' title='bbox 2245 1420 2678 1510; x_wconf 82' lang='lat' dir='ltr'><strong>comprehen-</strong></span> 
     </span>
     <span class='ocr_line' id='line_1_14' title="bbox 624 1504 2680 1598; baseline -0.003 -20"><span class='ocrx_word' id='word_1_91' title='bbox 624 1534 764 1578; x_wconf 86' lang='lat' dir='ltr'><strong>sam</strong></span> <span class='ocrx_word' id='word_1_92' title='bbox 824 1518 893 1578; x_wconf 87' lang='lat' dir='ltr'><strong>e&#39;t</strong></span> <span class='ocrx_word' id='word_1_93' title='bbox 949 1509 1035 1576; x_wconf 87' lang='lat' dir='ltr'><strong>ad</strong></span> <span class='ocrx_word' id='word_1_94' title='bbox 1095 1510 1468 1598; x_wconf 73' lang='lat' dir='ltr'><strong>generalem</strong></span> <span class='ocrx_word' id='word_1_95' title='bbox 1528 1508 1816 1594; x_wconf 87' lang='lat' dir='ltr'><strong>speciem</strong></span> <span class='ocrx_word' id='word_1_96' title='bbox 1863 1517 2158 1573; x_wconf 76' lang='lat' dir='ltr'><strong>evectam</strong></span> <span class='ocrx_word' id='word_1_97' title='bbox 2203 1504 2556 1596; x_wconf 86' lang='lat' dir='ltr'><strong>designant</strong></span> <span class='ocrx_word' id='word_1_98' title='bbox 2592 1529 2680 1572; x_wconf 84' lang='lat' dir='ltr'><strong>ac</strong></span> 
     </span>
     <span class='ocr_line' id='line_1_15' title="bbox 624 1589 2674 1681; baseline -0.002 -20"><span class='ocrx_word' id='word_1_99' title='bbox 624 1607 959 1681; x_wconf 87' lang='lat' dir='ltr'><strong>tamquam</strong></span> <span class='ocrx_word' id='word_1_100' title='bbox 1019 1615 1151 1662; x_wconf 90' lang='lat' dir='ltr'><strong>uno</strong></span> <span class='ocrx_word' id='word_1_101' title='bbox 1210 1595 1452 1662; x_wconf 83' lang='lat' dir='ltr'><strong>mentis</strong></span> <span class='ocrx_word' id='word_1_102' title='bbox 1509 1593 1751 1660; x_wconf 85' lang='lat' dir='ltr'><strong>obtutu</strong></span> <span class='ocrx_word' id='word_1_103' title='bbox 1796 1589 2228 1680; x_wconf 78' lang='lat' dir='ltr'><strong>spectandam</strong></span> <span class='ocrx_word' id='word_1_104' title='bbox 2269 1602 2674 1680; x_wconf 85' lang='lat' dir='ltr'><strong>proponunt.</strong></span> 
     </span>
     <span class='ocr_line' id='line_1_16' title="bbox 624 1676 2676 1766; baseline 0 -22"><span class='ocrx_word' id='word_1_105' title='bbox 624 1679 768 1747; x_wconf 89' lang='lat' dir='ltr'><strong>Iam</strong></span> <span class='ocrx_word' id='word_1_106' title='bbox 829 1703 988 1747; x_wconf 85' lang='lat' dir='ltr'><strong>vero</strong></span> <span class='ocrx_word' id='word_1_107' title='bbox 1046 1679 1131 1744; x_wconf 88' lang='lat' dir='ltr'><strong>ad</strong></span> <span class='ocrx_word' id='word_1_108' title='bbox 1186 1679 1351 1746; x_wconf 87' lang='lat' dir='ltr'><strong>haec</strong></span> <span class='ocrx_word' id='word_1_109' title='bbox 1408 1679 1608 1744; x_wconf 88' lang='lat' dir='ltr'><strong>etiam</strong></span> <span class='ocrx_word' id='word_1_110' title='bbox 1663 1677 1931 1743; x_wconf 89' lang='lat' dir='ltr'><strong>tertium</strong></span> <span class='ocrx_word' id='word_1_111' title='bbox 1984 1676 2244 1744; x_wconf 76' lang='lat' dir='ltr'><strong>accedit</strong></span> <span class='ocrx_word' id='word_1_112' title='bbox 2304 1699 2516 1766; x_wconf 88' lang='lat' dir='ltr'><strong>genus</strong></span> <span class='ocrx_word' id='word_1_113' title='bbox 2559 1699 2676 1744; x_wconf 87' lang='lat' dir='ltr'><strong>su·-</strong></span> 
     </span>
    </p>

    <p class='ocr_par' dir='ltr' id='par_1_3' title="bbox 605 1761 2716 4234">
     <span class='ocr_line' id='line_1_17' title="bbox 674 1761 2675 1849; baseline -0.002 -18"><span class='ocrx_word' id='word_1_114' title='bbox 674 1767 997 1832; x_wconf 84' lang='lat' dir='ltr'><strong>erioribus</strong></span> <span class='ocrx_word' id='word_1_115' title='bbox 1056 1764 1287 1849; x_wconf 88' lang='lat' dir='ltr'><strong>utique</strong></span> <span class='ocrx_word' id='word_1_116' title='bbox 1331 1763 1764 1846; x_wconf 85' lang='lat' dir='ltr'><strong>simillimum,</strong></span> <span class='ocrx_word' id='word_1_117' title='bbox 1813 1761 1929 1830; x_wconf 83' lang='lat' dir='ltr'><strong>sed</strong></span> <span class='ocrx_word' id='word_1_118' title='bbox 1971 1771 2194 1828; x_wconf 88' lang='lat' dir='ltr'><strong>tamen</strong></span> <span class='ocrx_word' id='word_1_119' title='bbox 2235 1762 2394 1828; x_wconf 79' lang='lat' dir='ltr'><strong>item</strong></span> <span class='ocrx_word' id='word_1_120' title='bbox 2437 1763 2675 1829; x_wconf 88' lang='lat' dir='ltr'><strong>nonni--</strong></span> 
     </span>
     <span class='ocr_line' id='line_1_18' title="bbox 622 1790 2678 1917; baseline 0 -3"><span class='ocrx_word' id='word_1_121' title='bbox 622 1790 715 1916; x_wconf 65' lang='lat' dir='ltr'><strong>iii}</strong></span> <span class='ocrx_word' id='word_1_122' title='bbox 760 1851 845 1917; x_wconf 90' lang='lat' dir='ltr'><strong>ab</strong></span> <span class='ocrx_word' id='word_1_123' title='bbox 886 1851 968 1916; x_wconf 88' lang='lat' dir='ltr'><strong>iis</strong></span> <span class='ocrx_word' id='word_1_124' title='bbox 1014 1847 1361 1917; x_wconf 88' lang='lat' dir='ltr'><strong>diversum.</strong></span> <span class='ocrx_word' id='word_1_125' title='bbox 1455 1848 1764 1915; x_wconf 80' lang='lat' dir='ltr'><strong>Indicant</strong></span> <span class='ocrx_word' id='word_1_126' title='bbox 1805 1850 1975 1914; x_wconf 89' lang='lat' dir='ltr'><strong>enim</strong></span> <span class='ocrx_word' id='word_1_127' title='bbox 2030 1847 2296 1914; x_wconf 89' lang='lat' dir='ltr'><strong>nomina</strong></span> <span class='ocrx_word' id='word_1_128' title='bbox 2337 1847 2678 1914; x_wconf 77' lang='lat' dir='ltr'><strong>abstracta</strong></span> 
     </span>
     <span class='ocr_line' id='line_1_19' title="bbox 622 1932 2674 2024; baseline -0.001 -24"><span class='ocrx_word' id='word_1_129' title='bbox 622 1934 952 2002; x_wconf 88' lang='lat' dir='ltr'><strong>interdum</strong></span> <span class='ocrx_word' id='word_1_130' title='bbox 998 1935 1196 2001; x_wconf 86' lang='lat' dir='ltr'><strong>etiam</strong></span> <span class='ocrx_word' id='word_1_131' title='bbox 1237 1957 1452 2024; x_wconf 84' lang='lat' dir='ltr'><strong>genus</strong></span> <span class='ocrx_word' id='word_1_132' title='bbox 1501 1957 1751 2018; x_wconf 89' lang='lat' dir='ltr'><strong>eorum,</strong></span> <span class='ocrx_word' id='word_1_133' title='bbox 1795 1955 1966 2019; x_wconf 86' lang='lat' dir='ltr'><strong>quae</strong></span> <span class='ocrx_word' id='word_1_134' title='bbox 2007 1933 2076 1997; x_wconf 91' lang='lat' dir='ltr'><strong>in</strong></span> <span class='ocrx_word' id='word_1_135' title='bbox 2119 1955 2254 1999; x_wconf 90' lang='lat' dir='ltr'><strong>uno</strong></span> <span class='ocrx_word' id='word_1_136' title='bbox 2300 1932 2674 2018; x_wconf 87' lang='lat' dir='ltr'><strong>eodemque</strong></span> 
     </span>
     <span class='ocr_line' id='line_1_20' title="bbox 622 2017 2716 2103; baseline -0.001 -17"><span class='ocrx_word' id='word_1_137' title='bbox 622 2021 928 2087; x_wconf 81' lang='lat' dir='ltr'><strong>fortunae</strong></span> <span class='ocrx_word' id='word_1_138' title='bbox 988 2031 1168 2086; x_wconf 86' lang='lat' dir='ltr'><strong>statu</strong></span> <span class='ocrx_word' id='word_1_139' title='bbox 1222 2031 1291 2085; x_wconf 90' lang='lat' dir='ltr'><strong>et</strong></span> <span class='ocrx_word' id='word_1_140' title='bbox 1345 2018 1730 2086; x_wconf 87' lang='lat' dir='ltr'><strong>conditione</strong></span> <span class='ocrx_word' id='word_1_141' title='bbox 1798 2019 1900 2084; x_wconf 88' lang='lat' dir='ltr'><strong>vel</strong></span> <span class='ocrx_word' id='word_1_142' title='bbox 1943 2017 2140 2084; x_wconf 88' lang='lat' dir='ltr'><strong>etiam</strong></span> <span class='ocrx_word' id='word_1_143' title='bbox 2181 2018 2512 2085; x_wconf 88' lang='lat' dir='ltr'><strong>communi</strong></span> <span class='ocrx_word' id='word_1_144' title='bbox 2557 2041 2668 2084; x_wconf 86' lang='lat' dir='ltr'><strong>ac-</strong></span> <span class='ocrx_word' id='word_1_145' title='bbox 2711 2092 2716 2103; x_wconf 35' lang='lat'>¹</span> 
     </span>
     <span class='ocr_line' id='line_1_21' title="bbox 622 2103 2678 2194; baseline -0 -23"><span class='ocrx_word' id='word_1_146' title='bbox 622 2104 803 2172; x_wconf 84' lang='lat' dir='ltr'><strong>tione</strong></span> <span class='ocrx_word' id='word_1_147' title='bbox 864 2107 1117 2172; x_wconf 86' lang='lat' dir='ltr'><strong>versari</strong></span> <span class='ocrx_word' id='word_1_148' title='bbox 1176 2103 1533 2194; x_wconf 83' lang='lat' dir='ltr'><strong>cogitanda</strong></span> <span class='ocrx_word' id='word_1_149' title='bbox 1599 2114 1775 2171; x_wconf 85' lang='lat' dir='ltr'><strong>sunt.</strong></span> <span class='ocrx_word' id='word_1_150' title='bbox 1905 2103 2065 2174; x_wconf 75' lang='lat' dir='ltr'><strong>Huc,</strong></span> <span class='ocrx_word' id='word_1_151' title='bbox 2118 2125 2274 2170; x_wconf 85' lang='lat' dir='ltr'><strong>vero</strong></span> <span class='ocrx_word' id='word_1_152' title='bbox 2333 2103 2678 2190; x_wconf 84' lang='lat' dir='ltr'><strong>pertinent</strong></span> 
     </span>
     <span class='ocr_line' id='line_1_22' title="bbox 620 2188 2668 2278; baseline -0 -22"><span class='ocrx_word' id='word_1_153' title='bbox 620 2190 956 2278; x_wconf 77' lang='lat' dir='ltr'><strong>superiora</strong></span> <span class='ocrx_word' id='word_1_154' title='bbox 1006 2191 1149 2256; x_wconf 79' lang='lat' dir='ltr'><strong>illa:</strong></span> <span class='ocrx_word' id='word_1_155' title='bbox 1194 2197 1522 2276; x_wconf 73' lang='grc' dir='ltr'><strong><em>γενεαί,</em></strong></span> <span class='ocrx_word' id='word_1_156' title='bbox 1589 2188 1972 2256; x_wconf 88' lang='lat' dir='ltr'><strong>homines</strong></span> <span class='ocrx_word' id='word_1_157' title='bbox 2017 2189 2272 2256; x_wconf 89' lang='lat' dir='ltr'><strong>unius</strong></span> <span class='ocrx_word' id='word_1_158' title='bbox 2317 2189 2668 2272; x_wconf 83' lang='lat' dir='ltr'><strong>aetatis,</strong></span> 
     </span>
     <span class='ocr_line' id='line_1_23' title="bbox 621 2272 2674 2362; baseline -0.001 -20"><span class='ocrx_word' id='word_1_159' title='bbox 621 2285 695 2342; x_wconf 84' lang='lat' dir='ltr'><strong>ut</strong></span> <span class='ocrx_word' id='word_1_160' title='bbox 738 2279 807 2344; x_wconf 86' lang='lat' dir='ltr'><strong>iu</strong></span> <span class='ocrx_word' id='word_1_161' title='bbox 852 2280 1115 2343; x_wconf 78' lang='grc' dir='ltr'><strong><em>πολλῶν</em></strong></span> <span class='ocrx_word' id='word_1_162' title='bbox 1155 2278 1397 2362; x_wconf 76' lang='grc' dir='ltr'><strong><em>γενεῶν</em></strong></span> <span class='ocrx_word' id='word_1_163' title='bbox 1457 2275 1856 2358; x_wconf 69' lang='grc' dir='ltr'><strong><em>ἄνθρωποι,</em></strong></span> <span class='ocrx_word' id='word_1_164' title='bbox 1951 2272 2083 2340; x_wconf 87' lang='lat' dir='ltr'><strong>uod</strong></span> <span class='ocrx_word' id='word_1_165' title='bbox 2127 2273 2320 2340; x_wconf 88' lang='lat' dir='ltr'><strong>simul</strong></span> <span class='ocrx_word' id='word_1_166' title='bbox 2365 2283 2468 2340; x_wconf 85' lang='lat' dir='ltr'><strong>est</strong></span> <span class='ocrx_word' id='word_1_167' title='bbox 2509 2299 2542 2341; x_wconf 95' lang='lat' dir='ltr'><strong>s</strong></span> <span class='ocrx_word' id='word_1_168' title='bbox 2589 2297 2674 2340; x_wconf 89' lang='lat' dir='ltr'><strong>n·-</strong></span> 
     </span>
     <span class='ocr_line' id='line_1_24' title="bbox 620 2298 2666 2449; baseline -0 -22"><span class='ocrx_word' id='word_1_169' title='bbox 620 2361 1083 2441; x_wconf 77' lang='lat' dir='ltr'><strong>eodoohicum3</strong></span> <span class='ocrx_word' id='word_1_170' title='bbox 1164 2359 1387 2447; x_wconf 72' lang='grc' dir='ltr'><em>φυγή,</em></span> <span class='ocrx_word' id='word_1_171' title='bbox 1500 2369 1642 2427; x_wconf 85' lang='lat' dir='ltr'><strong>tota</strong></span> <span class='ocrx_word' id='word_1_172' title='bbox 1735 2298 2071 2425; x_wconf 56' lang='lat' dir='ltr'><strong>exu‘ium</strong></span> <span class='ocrx_word' id='word_1_173' title='bbox 2157 2359 2500 2449; x_wconf 65' lang='lat' dir='ltr'><strong>multitu</strong></span> <span class='ocrx_word' id='word_1_174' title='bbox 2579 2386 2666 2443; x_wconf 90' lang='lat'><strong>0,</strong></span> 
     </span>
     <span class='ocr_line' id='line_1_25' title="bbox 620 2444 2669 2533; baseline -0.001 -20"><span class='ocrx_word' id='word_1_175' title='bbox 620 2448 771 2513; x_wconf 82' lang='lat' dir='ltr'><strong>alia.</strong></span> <span class='ocrx_word' id='word_1_176' title='bbox 862 2448 1171 2532; x_wconf 87' lang='lat' dir='ltr'><strong>Denique</strong></span> <span class='ocrx_word' id='word_1_177' title='bbox 1216 2448 1411 2511; x_wconf 84' lang='lat' dir='ltr'><strong>etiam</strong></span> <span class='ocrx_word' id='word_1_178' title='bbox 1452 2468 1570 2513; x_wconf 87' lang='lat' dir='ltr'><strong>eos</strong></span> <span class='ocrx_word' id='word_1_179' title='bbox 1617 2446 2029 2533; x_wconf 83' lang='lat' dir='ltr'><strong>significant,</strong></span> <span class='ocrx_word' id='word_1_180' title='bbox 2088 2446 2200 2531; x_wconf 87' lang='lat' dir='ltr'><strong>qui</strong></span> <span class='ocrx_word' id='word_1_181' title='bbox 2243 2445 2368 2512; x_wconf 86' lang='lat' dir='ltr'><strong>toti</strong></span> <span class='ocrx_word' id='word_1_182' title='bbox 2413 2444 2669 2532; x_wconf 89' lang='lat' dir='ltr'><strong>aliquid</strong></span> 
     </span>
     <span class='ocr_line' id='line_1_26' title="bbox 617 2530 2668 2618; baseline -0.001 -19"><span class='ocrx_word' id='word_1_183' title='bbox 617 2532 775 2599; x_wconf 75' lang='lat' dir='ltr'><strong>&#39;suut</strong></span> <span class='ocrx_word' id='word_1_184' title='bbox 802 2532 906 2598; x_wconf 88' lang='lat' dir='ltr'><strong>vel</strong></span> <span class='ocrx_word' id='word_1_185' title='bbox 936 2555 1083 2598; x_wconf 85' lang='lat' dir='ltr'><strong>esse</strong></span> <span class='ocrx_word' id='word_1_186' title='bbox 1114 2530 1440 2595; x_wconf 87' lang='lat' dir='ltr'><strong>videntur.</strong></span> <span class='ocrx_word' id='word_1_187' title='bbox 1507 2530 1840 2613; x_wconf 83' lang='lat' dir='ltr'><strong>Quorsum</strong></span> <span class='ocrx_word' id='word_1_188' title='bbox 1883 2531 2222 2616; x_wconf 84' lang='lat' dir='ltr'><strong>pertinent</strong></span> <span class='ocrx_word' id='word_1_189' title='bbox 2261 2556 2366 2615; x_wconf 84' lang='grc' dir='ltr'><strong>μη</strong></span> <span class='ocrx_word' id='word_1_190' title='bbox 2378 2538 2668 2618; x_wconf 56' lang='lat' dir='ltr'><strong>laval,</strong></span> 
     </span>
     <span class='ocr_line' id='line_1_27' title="bbox 618 2615 2666 2699; baseline 0.001 -18"><span class='ocrx_word' id='word_1_191' title='bbox 618 2616 1053 2699; x_wconf 86' lang='lat' dir='ltr'><strong>homines,</strong></span> <span class='ocrx_word' id='word_1_192' title='bbox 1132 2616 1273 2699; x_wconf 86' lang='lat' dir='ltr'><strong>qui</strong></span> <span class='ocrx_word' id='word_1_193' title='bbox 1332 2626 1536 2680; x_wconf 88' lang='lat' dir='ltr'><strong>sunt</strong></span> <span class='ocrx_word' id='word_1_194' title='bbox 1613 2615 1777 2681; x_wconf 89' lang='lat' dir='ltr'><strong>toti</strong></span> <span class='ocrx_word' id='word_1_195' title='bbox 1859 2616 2264 2683; x_wconf 85' lang='lat' dir='ltr'><strong>malarum</strong></span> <span class='ocrx_word' id='word_1_196' title='bbox 2353 2616 2666 2683; x_wconf 83' lang='lat' dir='ltr'><strong>artium</strong></span> 
     </span>
     <span class='ocr_line' id='line_1_28' title="bbox 616 2700 2670 2787; baseline 0.001 -23"><span class='ocrx_word' id='word_1_197' title='bbox 616 2700 1067 2783; x_wconf 74' lang='lat' dir='ltr'><strong>artifices,</strong></span> <span class='ocrx_word' id='word_1_198' title='bbox 1114 2712 1184 2765; x_wconf 91' lang='lat' dir='ltr'><strong>et</strong></span> <span class='ocrx_word' id='word_1_199' title='bbox 1226 2700 1492 2765; x_wconf 88' lang='lat' dir='ltr'><strong>nomina</strong></span> <span class='ocrx_word' id='word_1_200' title='bbox 1552 2700 1621 2765; x_wconf 90' lang='lat' dir='ltr'><strong>in</strong></span> <span class='ocrx_word' id='word_1_201' title='bbox 1664 2726 1780 2781; x_wconf 82' lang='grc' dir='ltr'><strong>μα</strong></span> <span class='ocrx_word' id='word_1_202' title='bbox 1838 2701 2222 2785; x_wconf 87' lang='lat' dir='ltr'><strong>terminata,</strong></span> <span class='ocrx_word' id='word_1_203' title='bbox 2283 2711 2358 2766; x_wconf 90' lang='lat' dir='ltr'><strong>ut</strong></span> <span class='ocrx_word' id='word_1_204' title='bbox 2411 2702 2670 2787; x_wconf 65' lang='grc' dir='ltr'><strong><em>ἄλημα,</em></strong></span> 
     </span>
     <span class='ocr_line' id='line_1_29' title="bbox 618 2782 2666 2875; baseline 0.001 -25"><span class='ocrx_word' id='word_1_205' title='bbox 618 2782 1018 2875; x_wconf 75' lang='grc' dir='ltr'><strong><em>νύμφευμα,</em></strong></span> <span class='ocrx_word' id='word_1_206' title='bbox 1062 2786 1398 2870; x_wconf 77' lang='grc' dir='ltr'><strong><em>κήδευμα,</em></strong></span> <span class='ocrx_word' id='word_1_207' title='bbox 1447 2785 1573 2851; x_wconf 87' lang='lat' dir='ltr'><strong>alia</strong></span> <span class='ocrx_word' id='word_1_208' title='bbox 1617 2784 1931 2873; x_wconf 86' lang='lat' dir='ltr'><strong>plurima,</strong></span> <span class='ocrx_word' id='word_1_209' title='bbox 1977 2808 2146 2875; x_wconf 89' lang='lat' dir='ltr'><strong>quae</strong></span> <span class='ocrx_word' id='word_1_210' title='bbox 2190 2808 2385 2871; x_wconf 87' lang='lat' dir='ltr'><strong>quam</strong></span> <span class='ocrx_word' id='word_1_211' title='bbox 2429 2787 2666 2854; x_wconf 90' lang='lat' dir='ltr'><strong>crebro</strong></span> 
     </span>
     <span class='ocr_line' id='line_1_30' title="bbox 617 2868 2666 2959; baseline 0.002 -25"><span class='ocrx_word' id='word_1_212' title='bbox 617 2870 747 2936; x_wconf 85' lang='lat' dir='ltr'><strong>isto</strong></span> <span class='ocrx_word' id='word_1_213' title='bbox 819 2868 1018 2937; x_wconf 87' lang='lat' dir='ltr'><strong>modo</strong></span> <span class='ocrx_word' id='word_1_214' title='bbox 1104 2881 1542 2958; x_wconf 84' lang='lat' dir='ltr'><strong>usurpentur,</strong></span> <span class='ocrx_word' id='word_1_215' title='bbox 1617 2870 2051 2938; x_wconf 86' lang='lat' dir='ltr'><strong>ostenderunt</strong></span> <span class='ocrx_word' id='word_1_216' title='bbox 2115 2871 2507 2959; x_wconf 85' lang='lat' dir='ltr'><strong>interpretes</strong></span> <span class='ocrx_word' id='word_1_217' title='bbox 2575 2874 2666 2939; x_wconf 86' lang='lat' dir='ltr'><strong>ad</strong></span> 
     </span>
     <span class='ocr_line' id='line_1_31' title="bbox 615 2953 2663 3045; baseline 0.001 -23"><span class='ocrx_word' id='word_1_218' title='bbox 615 2953 915 3042; x_wconf 86' lang='lat' dir='ltr'><strong>Sopho</strong></span> <span class='ocrx_word' id='word_1_219' title='bbox 937 2956 1033 3022; x_wconf 87' lang='lat' dir='ltr'><strong>cl.</strong></span> <span class='ocrx_word' id='word_1_220' title='bbox 1080 2954 1252 3023; x_wconf 87' lang='lat' dir='ltr'><strong>Oed.</strong></span> <span class='ocrx_word' id='word_1_221' title='bbox 1298 2956 1379 3022; x_wconf 88' lang='grc' dir='ltr'><strong>Τ.</strong></span> <span class='ocrx_word' id='word_1_222' title='bbox 1426 2958 1531 3023; x_wconf 79' lang='grc'><strong>85.</strong></span> <span class='ocrx_word' id='word_1_223' title='bbox 1584 2958 1770 3025; x_wconf 82' lang='grc'><strong>1244.</strong></span> <span class='ocrx_word' id='word_1_224' title='bbox 1813 2958 2005 3023; x_wconf 87' lang='lat' dir='ltr'><strong>Aiac.</strong></span> <span class='ocrx_word' id='word_1_225' title='bbox 2053 2958 2201 3024; x_wconf 83' lang='lat'>281.</span> <span class='ocrx_word' id='word_1_226' title='bbox 2232 2955 2466 3045; x_wconf 80' lang='lat' dir='ltr'><strong>Antig.</strong></span> <span class='ocrx_word' id='word_1_227' title='bbox 2513 2960 2663 3024; x_wconf 78' lang='lat'><strong>756.</strong></span> 
     </span>
     <span class='ocr_line' id='line_1_32' title="bbox 618 3039 2664 3131; baseline 0.002 -25"><span class='ocrx_word' id='word_1_228' title='bbox 618 3040 913 3131; x_wconf 76' lang='lat' dir='ltr'><strong>Eurip.</strong></span> <span class='ocrx_word' id='word_1_229' title='bbox 972 3040 1245 3127; x_wconf 71' lang='lat' dir='ltr'><strong>Hippoi.</strong></span> <span class='ocrx_word' id='word_1_230' title='bbox 1318 3066 1380 3107; x_wconf 85' lang='lat' dir='ltr'><strong>v.</strong></span> <span class='ocrx_word' id='word_1_231' title='bbox 1435 3045 1582 3109; x_wconf 61' lang='lat'><strong>40&amp;</strong></span> <span class='ocrx_word' id='word_1_232' title='bbox 1640 3042 1890 3107; x_wconf 84' lang='lat' dir='ltr'><strong>Pboen.</strong></span> <span class='ocrx_word' id='word_1_233' title='bbox 1953 3045 2132 3109; x_wconf 74' lang='lat'>1498.</span> <span class='ocrx_word' id='word_1_234' title='bbox 2194 3039 2478 3131; x_wconf 86' lang='lat' dir='ltr'><strong>Gregor.</strong></span> <span class='ocrx_word' id='word_1_235' title='bbox 2525 3041 2664 3110; x_wconf 89' lang='lat' dir='ltr'><strong>Co-</strong></span> 
     </span>
     <span class='ocr_line' id='line_1_33' title="bbox 613 3125 2659 3217; baseline 0.001 -27"><span class='ocrx_word' id='word_1_236' title='bbox 613 3126 811 3195; x_wconf 86' lang='lat' dir='ltr'><strong>rinth.</strong></span> <span class='ocrx_word' id='word_1_237' title='bbox 864 3152 931 3217; x_wconf 80' lang='lat' dir='ltr'><strong>p·</strong></span> <span class='ocrx_word' id='word_1_238' title='bbox 989 3129 1126 3193; x_wconf 71' lang='lat'><strong>182.</strong></span> <span class='ocrx_word' id='word_1_239' title='bbox 1215 3126 1363 3193; x_wconf 74' lang='lat' dir='ltr'><strong>Nec</strong></span> <span class='ocrx_word' id='word_1_240' title='bbox 1392 3126 1718 3193; x_wconf 87' lang='lat' dir='ltr'><strong>abludunt</strong></span> <span class='ocrx_word' id='word_1_241' title='bbox 1758 3126 1912 3193; x_wconf 91' lang='lat' dir='ltr'><strong>inde</strong></span> <span class='ocrx_word' id='word_1_242' title='bbox 1955 3125 2144 3191; x_wconf 85' lang='lat' dir='ltr'><strong>talia=</strong></span> <span class='ocrx_word' id='word_1_243' title='bbox 2193 3126 2399 3195; x_wconf 80' lang='lat' dir='ltr'><strong>Plat.</strong></span> <span class='ocrx_word' id='word_1_244' title='bbox 2444 3126 2659 3216; x_wconf 86' lang='lat' dir='ltr'><strong>Gorg.</strong></span> 
     </span>
     <span class='ocr_line' id='line_1_34' title="bbox 614 3212 2660 3296; baseline 0.001 -19"><span class='ocrx_word' id='word_1_245' title='bbox 614 3234 679 3296; x_wconf 88' lang='lat' dir='ltr'><strong>p.</strong></span> <span class='ocrx_word' id='word_1_246' title='bbox 726 3215 873 3277; x_wconf 82' lang='lat'><strong>464.</strong></span> <span class='ocrx_word' id='word_1_247' title='bbox 932 3213 1013 3281; x_wconf 86' lang='lat' dir='ltr'><strong>D.</strong></span> <span class='ocrx_word' id='word_1_248' title='bbox 1060 3212 1425 3293; x_wconf 71' lang='grc' dir='ltr'><strong><em>θηρεύεται</em></strong></span> <span class='ocrx_word' id='word_1_249' title='bbox 1473 3213 1593 3292; x_wconf 78' lang='grc' dir='ltr'><strong>τὴν</strong></span> <span class='ocrx_word' id='word_1_250' title='bbox 1633 3212 1898 3295; x_wconf 78' lang='grc' dir='ltr'><strong><em>ἄνοιαν,</em></strong></span> <span class='ocrx_word' id='word_1_251' title='bbox 1941 3221 2234 3278; x_wconf 85' lang='lat' dir='ltr'><strong>sectatur</strong></span> <span class='ocrx_word' id='word_1_252' title='bbox 2279 3212 2660 3279; x_wconf 87' lang='lat' dir='ltr'><strong>homines</strong></span> 
     </span>
     <span class='ocr_line' id='line_1_35' title="bbox 612 3294 2661 3385; baseline 0.002 -24"><span class='ocrx_word' id='word_1_253' title='bbox 612 3295 1117 3361; x_wconf 84' lang='lat' dir='ltr'><strong>stoliditate</strong></span> <span class='ocrx_word' id='word_1_254' title='bbox 1191 3294 1360 3362; x_wconf 90' lang='lat' dir='ltr'><strong>insi</strong></span> <span class='ocrx_word' id='word_1_255' title='bbox 1439 3320 1624 3376; x_wconf 87' lang='lat' dir='ltr'><strong>nes;</strong></span> <span class='ocrx_word' id='word_1_256' title='bbox 1698 3320 1782 3363; x_wconf 93' lang='lat' dir='ltr'><strong>er</strong></span> <span class='ocrx_word' id='word_1_257' title='bbox 1866 3296 2150 3367; x_wconf 84' lang='lat' dir='ltr'><strong>macht</strong></span> <span class='ocrx_word' id='word_1_258' title='bbox 2217 3295 2442 3385; x_wconf 82' lang='lat' dir='ltr'><strong>Jagd</strong></span> <span class='ocrx_word' id='word_1_259' title='bbox 2514 3302 2661 3365; x_wconf 77' lang='lat' dir='ltr'><strong>auf</strong></span> 
     </span>
     <span class='ocr_line' id='line_1_36' title="bbox 612 3378 2658 3466; baseline -0.001 -14"><span class='ocrx_word' id='word_1_260' title='bbox 612 3378 769 3452; x_wconf 84' lang='lat' dir='ltr'><strong>den</strong></span> <span class='ocrx_word' id='word_1_261' title='bbox 840 3379 1341 3448; x_wconf 86' lang='lat' dir='ltr'><strong>Unverstan</strong></span> <span class='ocrx_word' id='word_1_262' title='bbox 1414 3406 1432 3445; x_wconf 69' lang='grc' dir='ltr'><strong>ε</strong></span> <span class='ocrx_word' id='word_1_263' title='bbox 1491 3396 1560 3446; x_wconf 83' lang='lat' dir='ltr'><strong>et</strong></span> <span class='ocrx_word' id='word_1_264' title='bbox 1614 3380 2169 3466; x_wconf 76' lang='lat' dir='ltr'><strong>Aristoph&#39;an.</strong></span> <span class='ocrx_word' id='word_1_265' title='bbox 2223 3382 2438 3447; x_wconf 85' lang='lat' dir='ltr'><strong>Rann.</strong></span> <span class='ocrx_word' id='word_1_266' title='bbox 2509 3386 2658 3451; x_wconf 82' lang='lat'><strong>676.</strong></span> 
     </span>
     <span class='ocr_line' id='line_1_37' title="bbox 612 3456 2656 3550; baseline 0.003 -22"><span class='ocrx_word' id='word_1_267' title='bbox 612 3456 693 3529; x_wconf 83' lang='grc' dir='ltr'><strong>οὖ</strong></span> <span class='ocrx_word' id='word_1_268' title='bbox 746 3471 1051 3545; x_wconf 81' lang='grc' dir='ltr'><strong><em>σοφίαι</em></strong></span> <span class='ocrx_word' id='word_1_269' title='bbox 1110 3473 1348 3550; x_wconf 74' lang='grc' dir='ltr'><strong><em>μυρίαι</em></strong></span> <span class='ocrx_word' id='word_1_270' title='bbox 1403 3466 1782 3549; x_wconf 69' lang='grc' dir='ltr'><strong><em>κάθηνται,</em></strong></span> <span class='ocrx_word' id='word_1_271' title='bbox 1843 3489 1962 3531; x_wconf 82' lang='lat' dir='ltr'><strong>wo</strong></span> <span class='ocrx_word' id='word_1_272' title='bbox 2023 3466 2436 3533; x_wconf 87' lang='lat' dir='ltr'><strong>tausende</strong></span> <span class='ocrx_word' id='word_1_273' title='bbox 2499 3492 2656 3534; x_wconf 86' lang='lat' dir='ltr'><strong>von</strong></span> 
     </span>
     <span class='ocr_line' id='line_1_38' title="bbox 611 3546 2658 3637; baseline 0.002 -22"><span class='ocrx_word' id='word_1_274' title='bbox 611 3546 1179 3615; x_wconf 86' lang='lat' dir='ltr'><strong>Weisheiten</strong></span> <span class='ocrx_word' id='word_1_275' title='bbox 1238 3552 1561 3636; x_wconf 86' lang='lat' dir='ltr'><strong>sitzen,</strong></span> <span class='ocrx_word' id='word_1_276' title='bbox 1619 3550 1801 3637; x_wconf 89' lang='lat' dir='ltr'><strong>quod</strong></span> <span class='ocrx_word' id='word_1_277' title='bbox 1858 3551 2071 3616; x_wconf 85' lang='lat' dir='ltr'><strong>facete</strong></span> <span class='ocrx_word' id='word_1_278' title='bbox 2127 3550 2380 3617; x_wconf 84' lang='lat' dir='ltr'><strong>dictum</strong></span> <span class='ocrx_word' id='word_1_279' title='bbox 2423 3561 2526 3619; x_wconf 86' lang='lat' dir='ltr'><strong>est</strong></span> <span class='ocrx_word' id='word_1_280' title='bbox 2569 3552 2658 3619; x_wconf 89' lang='lat' dir='ltr'><strong>de</strong></span> 
     </span>
     <span class='ocr_line' id='line_1_39' title="bbox 612 3632 2655 3724; baseline 0.003 -26"><span class='ocrx_word' id='word_1_281' title='bbox 612 3634 1097 3720; x_wconf 83' lang='lat' dir='ltr'><strong>spectatoribus</strong></span> <span class='ocrx_word' id='word_1_282' title='bbox 1160 3635 1434 3722; x_wconf 82' lang='lat' dir='ltr'><strong>opinata</strong></span> <span class='ocrx_word' id='word_1_283' title='bbox 1491 3636 1818 3724; x_wconf 85' lang='lat' dir='ltr'><strong>sapientia</strong></span> <span class='ocrx_word' id='word_1_284' title='bbox 1861 3632 2130 3719; x_wconf 86' lang='lat' dir='ltr'><strong>inflatis,</strong></span> <span class='ocrx_word' id='word_1_285' title='bbox 2175 3646 2252 3703; x_wconf 87' lang='lat' dir='ltr'><strong>ut</strong></span> <span class='ocrx_word' id='word_1_286' title='bbox 2295 3638 2655 3722; x_wconf 78' lang='lat' dir='ltr'><strong>unusquis-</strong></span> 
     </span>
     <span class='ocr_line' id='line_1_40' title="bbox 611 3716 2656 3808; baseline 0.003 -25"><span class='ocrx_word' id='word_1_287' title='bbox 611 3740 739 3803; x_wconf 91' lang='lat' dir='ltr'><strong>que</strong></span> <span class='ocrx_word' id='word_1_288' title='bbox 797 3740 1024 3784; x_wconf 89' lang='lat' dir='ltr'><strong>eorum</strong></span> <span class='ocrx_word' id='word_1_289' title='bbox 1084 3718 1212 3785; x_wconf 90' lang='lat' dir='ltr'><strong>sibi</strong></span> <span class='ocrx_word' id='word_1_290' title='bbox 1271 3716 1576 3786; x_wconf 86' lang='lat' dir='ltr'><strong>videatur</strong></span> <span class='ocrx_word' id='word_1_291' title='bbox 1631 3721 1838 3808; x_wconf 87' lang='lat' dir='ltr'><strong>ipsam</strong></span> <span class='ocrx_word' id='word_1_292' title='bbox 1887 3720 2275 3807; x_wconf 84' lang='lat' dir='ltr'><strong>sapientiam</strong></span> <span class='ocrx_word' id='word_1_293' title='bbox 2317 3732 2656 3808; x_wconf 83' lang='lat' dir='ltr'><strong>tamquam</strong></span> 
     </span>
     <span class='ocr_line' id='line_1_41' title="bbox 610 3804 2656 3895; baseline 0.003 -26"><span class='ocrx_word' id='word_1_294' title='bbox 610 3812 1100 3891; x_wconf 87' lang='lat' dir='ltr'><strong>repraesentare</strong></span> <span class='ocrx_word' id='word_1_295' title='bbox 1142 3824 1362 3889; x_wconf 82' lang='lat' dir='ltr'><strong>posse.</strong></span> <span class='ocrx_word' id='word_1_296' title='bbox 1451 3804 1722 3871; x_wconf 88' lang='lat' dir='ltr'><strong>Habent</strong></span> <span class='ocrx_word' id='word_1_297' title='bbox 1764 3804 1968 3895; x_wconf 85' lang='lat' dir='ltr'><strong>igitur</strong></span> <span class='ocrx_word' id='word_1_298' title='bbox 2011 3807 2263 3891; x_wconf 87' lang='lat' dir='ltr'><strong>omnia,</strong></span> <span class='ocrx_word' id='word_1_299' title='bbox 2304 3830 2497 3894; x_wconf 76' lang='lat' dir='ltr'><strong>quae</strong></span> <span class='ocrx_word' id='word_1_300' title='bbox 2541 3830 2656 3876; x_wconf 85' lang='lat' dir='ltr'><strong>su-</strong></span> 
     </span>
     <span class='ocr_line' id='line_1_42' title="bbox 609 3887 2652 3994; baseline 0.003 -42"><span class='ocrx_word' id='word_1_301' title='bbox 609 3911 732 3974; x_wconf 87' lang='lat' dir='ltr'><strong>pra</strong></span> <span class='ocrx_word' id='word_1_302' title='bbox 784 3887 875 3989; x_wconf 44' lang='lat' dir='ltr'><strong>de.</strong></span> <span class='ocrx_word' id='word_1_303' title='bbox 922 3888 1051 3954; x_wconf 90' lang='lat' dir='ltr'><strong>hoc</strong></span> <span class='ocrx_word' id='word_1_304' title='bbox 1102 3902 1341 3976; x_wconf 85' lang='lat' dir='ltr'><strong>genere</strong></span> <span class='ocrx_word' id='word_1_305' title='bbox 1398 3892 2086 3993; x_wconf 76' lang='lat' dir='ltr'><strong>commemoravimus,</strong></span> <span class='ocrx_word' id='word_1_306' title='bbox 2145 3891 2652 3994; x_wconf 68' lang='lat' dir='ltr'><strong>eifplicationcm</strong></span> 
     </span>
     <span class='ocr_line' id='line_1_43' title="bbox 606 3973 2652 4150; baseline 0.004 -28"><span class='ocrx_word' id='word_1_307' title='bbox 606 3973 2248 4150; x_wconf 49' lang='lat' dir='ltr'><strong>{kzffitssdfgtg‘issffffear‚⁰f1‘31ssgenssss‘20‘2‘222235330’3&#39;,-</strong></span> <span class='ocrx_word' id='word_1_308' title='bbox 2287 3978 2652 4148; x_wconf 55' lang='lat' dir='ltr'><strong>2333,ssssss:</strong></span> 
     </span>
     <span class='ocr_line' id='line_1_44' title="bbox 605 4141 2654 4234; baseline 0.003 -26"><span class='ocrx_word' id='word_1_309' title='bbox 605 4141 1020 4211; x_wconf 80' lang='lat' dir='ltr'><strong>difficultatis</strong></span> <span class='ocrx_word' id='word_1_310' title='bbox 1089 4144 1393 4229; x_wconf 76' lang='lat' dir='ltr'><strong>habebit,</strong></span> <span class='ocrx_word' id='word_1_311' title='bbox 1471 4146 1999 4234; x_wconf 82' lang='lat' dir='ltr'><strong>quandoquidem</strong></span> <span class='ocrx_word' id='word_1_312' title='bbox 2071 4148 2139 4215; x_wconf 88' lang='lat' dir='ltr'><strong>id</strong></span> <span class='ocrx_word' id='word_1_313' title='bbox 2214 4149 2654 4216; x_wconf 81' lang='lat' dir='ltr'><strong>conversione</strong></span> 
     </span>
    </p>
   </div>
   <div class='ocr_carea' id='block_1_3' title="bbox 2820 2467 2828 2974">
    <p class='ocr_par' dir='ltr' id='par_1_4' title="bbox 2820 2467 2828 2974">
     <span class='ocr_line' id='line_1_45' title="bbox 2820 2467 2828 2974; baseline 0 0"><span class='ocrx_word' id='word_1_314' title='bbox 2820 2467 2828 2974; x_wconf 95' lang='lat' dir='ltr'><strong> </strong></span> 
     </span>
    </p>
   </div>
  </div>
 </body>
</html>
