2857 4738
591 285 752 348 LVI
1219 282 1949 352 PROLEGOMENA

595 454 972 539 certiusque
1031 456 1326 542 expediri
1385 455 1683 542 possint,
1747 454 2285 540 quandoquidem
2328 456 2641 523 iudicium

595 538 678 604 de
723 562 847 604 usu
891 541 1301 628 singulorum
1346 540 1699 608 verborum
1744 549 1812 604 et
1854 537 2171 624 loquendi
2216 542 2637 608 formularum

593 621 809 707 deque
857 628 1341 693 enuntiatorum
1385 649 1464 691 ac
1510 624 1932 712 periodorum
1974 633 2310 689 structura
2356 637 2428 691 et
2468 649 2639 692 com-

593 710 924 794 positione
996 735 1300 799 magnam
1371 722 1625 797 partem
1696 709 1849 774 inde
1921 733 2312 796 suspensum
2374 725 2510 793 est,
2569 723 2643 776 ut

595 794 890 860 universi
949 795 1214 863 dicendi
1273 798 1534 884 generis
1592 809 1925 880 tamquam
1983 795 2269 880 speciem
2318 796 2641 880 quandam

596 880 831 945 animis
903 881 1320 948 informatam
1400 892 1758 948 teneamus.
1861 881 2096 964 Itaque
2149 904 2324 946 nunc
2390 881 2475 945 ad
2534 906 2641 958 ex-

597 965 956 1050 plorandas
1003 969 1411 1056 singulorum
1458 967 1807 1032 verborum
1834 976 1899 1032 et
1934 967 2391 1042 universorum
2440 990 2641 1034 enun-
2733 1035 2757 1058 ,-

600 1051 910 1116 tiatorum
957 1075 1143 1120 usum
1189 1052 1625 1140 aggredimur«

1421 1315 1499 1322 ——-
1531 1318 1689 1325 ——----
1719 1318 1818 1325 ..--

1353 1561 1537 1677 cap.
1608 1558 1865 1650 xvm.

609 1741 1031 1799 uiuet-itur
1080 1745 1175 1807 de
1243 1745 1542 1801 dicendi
1610 1757 1889 1814 genere
1944 1743 2267 1810 negibu-
2344 1741 2645 1812 proprio

901 1829 1213 1899 singulis
1253 1831 1417 1887 eius
1453 1828 1799 1899 pan-ubu-
1835 1825 2372 1884 consideratis.

777 1980 1052 2048 Nullum
1093 1984 1286 2050 facile
1327 1984 1589 2070 signum
1650 1993 1718 2050 et
1758 1991 2216 2066 argumentum
2283 1990 2424 2062 est,
2484 1979 2649 2044 unde

611 2065 692 2130 de
747 2069 1169 2154 antiquorum
1229 2089 1504 2154 operum
1580 2067 1711 2134 fide
1786 2081 1855 2132 et
1938 2067 2341 2132 auctoritate
2415 2066 2649 2130 certius

611 2161 946 2238 repetatur
1001 2152 1353 2237 iudicium,
1415 2175 1613 2239 quam
1671 2152 1851 2240 quod
1909 2153 2201 2218 cernitur
2258 2153 2332 2216 in
2393 2172 2519 2220 usu
2556 2151 2645 2214 lo-

612 2239 877 2322 quendi.
969 2238 1102 2321 Qui
1148 2243 1205 2305 si
1265 2249 1372 2306 est
1423 2248 1683 2321 rectus,
1758 2261 2007 2324 purus,
2069 2248 2338 2320 castus,
2394 2246 2465 2302 et
2509 2259 2647 2302 cum

613 2347 792 2391 more
838 2325 980 2391 eius
1035 2325 1402 2413 scriptoris,
1450 2325 1556 2391 cui
1617 2325 1934 2410 scriptum
1982 2322 2251 2409 aliquod
2326 2322 2645 2403 tribuitur,

519 2446 523 2451 ’
612 2410 780 2477 bene
838 2412 1270 2489 conveniens,
1329 2412 1493 2475 nihil
1550 2411 1665 2475 illo
1726 2410 2000 2496 reperiri
2053 2419 2299 2495 potest,
2352 2408 2531 2493 quod
2572 2406 2651 2472 ad

613 2495 813 2561 fidem
881 2496 1248 2561 faciendam
1306 2497 1453 2584 plus
1521 2498 1772 2574 valeat3
1864 2496 1971 2559 sin
2042 2504 2259 2559 autem
2336 2504 2440 2561 est
2494 2492 2649 2559 male

613 2580 846 2662 fictuS,
909 2580 1267 2653 artificiose
1329 2582 1665 2665 quaesitus
1710 2590 1775 2645 et
1818 2580 2191 2663 affectatus,
2240 2580 2530 2663 denique
2572 2576 2649 2641 ab

615 2666 758 2731 eius
814 2666 1188 2750 scriptoris,
1245 2666 1435 2731 cuius
1492 2688 1637 2731 esse
1702 2674 2009 2750 putatur,
2071 2675 2209 2730 arte
2272 2676 2345 2731 et
2404 2664 2657 2743 ratione,

617 2749 926 2831 alienior,
991 2771 1463 2835 saepenumero
1518 2774 1651 2815 una
1674 2806 1683 2813 .
1709 2752 1948 2817 vocula
2004 2751 2268 2817 sinistre
2322 2757 2649 2834 usurpata,

613 2857 817 2900 unum
876 2835 1149 2900 verbum
1213 2859 1413 2922 prave
1477 2837 1800 2923 positum,
1882 2858 2015 2901 una
2074 2836 2381 2901 vocabuli
2455 2834 2651 2900 forma

617 2942 696 2985 ac
750 2921 1008 3003 species
1067 2932 1329 3006 praeter
1395 2923 1632 2987 aetatis
1691 2945 1937 2989 morem
1996 2933 2062 2984 et
2121 2920 2650 2987 consuetudinem

615 3002 945 3082 adhibita,
1002 3030 1207 3072 unum
1264 3008 1496 3073 vitium
1556 3017 1789 3073 contra
1845 3016 2094 3071 rectum
2143 3016 2513 3091 temporum
2554 3002 2649 3067 vel

616 3090 955 3157 modorum
1041 3094 1360 3161 rationem
1451 3093 1838 3179 praesertim
1911 3092 2201 3157 crebrius
2300 3092 2648 3157 admissum

615 3178 772 3243 satis
831 3189 934 3243 est
977 3177 1058 3243 ad
1104 3178 1508 3267 arguendam
1552 3177 1871 3258 fraudem,
1900 3177 1956 3242 si
2011 3199 2141 3261 qua
2184 3178 2250 3242 in
2297 3199 2495 3262 opere
2540 3174 2649 3238 ali-

617 3284 750 3347 quo
813 3264 934 3329 sub
999 3264 1164 3329 falso
1220 3264 1485 3328 nomine
1545 3261 1889 3349 prodendo
1945 3260 2231 3335 admissa.
2286 3268 2392 3331 sit.
2505 3259 2649 3341 Quo

616 3345 981 3413 studiosius
1041 3350 1235 3415 nobis
1293 3350 1424 3414 hoc
1485 3350 1611 3413 erit
1670 3346 2032 3435 agendum,
2078 3355 2153 3412 ut
2196 3348 2358 3431 quid
2402 3347 2485 3411 de
2526 3347 2649 3409 Le-

618 3432 815 3519 gibus
874 3455 953 3496 eo
1014 3435 1276 3500 nomine
1337 3433 1702 3499 existimari
1746 3442 2083 3517 oporteat,
2128 3434 2501 3498 accuratius
2546 3451 2649 3494 ex-

617 3517 934 3601 quiratur.
1042 3518 1196 3600 Qua
1235 3520 1302 3583 in
1361 3542 1435 3585 re
1477 3520 1571 3585 ita
1613 3518 2053 3601 versabimur,
2098 3527 2173 3583 ut
2214 3519 2405 3583 initio
2457 3537 2644 3602 quae-

617 3601 854 3669 stionis
909 3624 950 3665 a
1007 3605 1419 3690 singulorum
1482 3604 1828 3673 verborum
1887 3626 2051 3685 usu,
2128 3604 2241 3687 qui
2314 3612 2649 3687 suspectus

619 3690 802 3753 visus
862 3696 1001 3769 est,
1059 3691 1237 3755 facto
1278 3688 1518 3755 deinde
1567 3700 1975 3755 transeamus
2018 3687 2104 3752 ad
2148 3684 2653 3755 considerandas

616 3773 1044 3858 loquutiones
1089 3782 1289 3858 atque
1330 3775 1643 3841 formulas
1689 3798 1770 3851 ex
1814 3774 2089 3859 singulis
2135 3774 2356 3839 verbis
2398 3791 2651 3855 compo-

620 3860 819 3942 sitae,
880 3881 1046 3944 quae
1105 3860 1351 3925 criticis
1413 3854 1781 3926 iniecerunt
1850 3858 2484 3936 dubitatione831ab
2555 3854 2651 3919 his

621 3955 836 4011 autem
883 3945 1447 4033 transgrediemur
1478 3946 1761 4029 denique
1795 3943 1879 4008 ad
1910 3944 2345 4030 explorandas
2374 3941 2651 4007 rationes

620 4031 1023 4114 integrarum
1081 4032 1556 4097 sententiarum
1601 4054 1679 4096 ac
1724 4029 2177 4116 periodorum,
2224 4026 2541 4113 siquidem
2590 4025 2649 4085 in

621 4114 702 4179 iis
745 4115 954 4183 visum
1019 4118 1218 4185 fuerit
1285 4117 1537 4201 aliquid
1582 4116 1914 4203 singulare
1960 4116 2213 4199 inesse,
2286 4110 2462 4197 quod
2509 4132 2649 4196 pos-
