2857 4738
685 345 688 347 Α
709 351 914 416 XLII
1357 347 2088 414 PROLEGOMENA

711 524 948 586 lerus
993 520 1036 584 1.
1081 543 1138 586 c.
1196 544 1260 606 p.
1317 523 1420 584 57.
1468 520 1754 605 scripsit,
1814 529 2145 584 auctorem
2182 519 2411 602 operis
2453 527 2731 582 tentasse

712 605 976 692 quidem
1035 629 1286 670 morum
1341 607 1663 692 picturam
1724 605 2229 686 accuratiorem,
2286 603 2407 668 sed
2436 612 2731 668 tentasse

713 717 855 758 eam
915 692 1100 756 irrito
1155 701 1420 756 conatu.
1529 694 1787 775 Nempe
1842 691 1985 777 pari
2042 691 2181 753 iure
2244 689 2419 753 idem
2476 710 2732 776 prorsus

715 779 796 844 de
847 777 1140 859 Philebo,
1189 777 1485 864 Craty10,
1534 777 1871 862 Sophista,
1926 776 2226 858 Politice,
2276 775 2423 849 aliis
2456 775 2731 839 Platonis

714 864 1016 949 scriptiS,
1079 861 1367 944 dixeris,
1430 863 1497 926 in
1545 864 1785 946 quibus
1830 863 1981 926 talis
2024 862 2319 947 picturae
2358 861 2735 924 lineamenta

715 949 982 1035 quidem
1028 949 1249 1032 aliqua
1281 948 1725 1030 exhibentur,
1770 949 1968 1033 plena
2012 959 2231 1014 autem
2278 945 2570 1012 eiusdem
2614 946 2735 1010 ela-

717 1035 972 1102 boratio
1017 1045 1086 1099 et
1127 1034 1445 1120 perfectio
1490 1035 1753 1100 omnino
1793 1031 2223 1098 desideratur.

887 1121 1137 1185 Verum
1201 1121 1362 1185 satis
1419 1118 1503 1184 de
1560 1120 1856 1206 personis
1911 1119 2179 1204 dialogi.
2278 1117 2617 1203 Pergimus
2660 1113 2735 1177 ad

718 1205 876 1288 alia,
941 1229 1107 1290 quae
1162 1207 1493 1292 pertinent
1548 1205 1629 1270 ad
1676 1207 2234 1291 opportunitatem
2282 1206 2425 1268 eius
2472 1198 2734 1266 habendi

719 1302 914 1376 atque
971 1304 1252 1378 tempus,
1303 1314 1433 1376 quo
1479 1303 1827 1378 peroratus
1884 1290 2177 1378 fingitur.
2295 1291 2387 1354 Et
2438 1288 2551 1352 illa
2604 1286 2733 1370 qui-

719 1376 867 1442 dem
911 1401 1228 1464 perquam
1292 1396 1450 1462 apta
1508 1379 1915 1444 informatur.
2023 1377 2355 1443 Dicuntur
2407 1375 2577 1438 enim
2618 1383 2735 1435 tres

705 1463 817 1535 ,illi
862 1487 1090 1547 seneS,
1151 1463 1234 1528 de
1297 1464 1540 1548 quibus
1600 1463 2105 1549 explicavimus,
2170 1461 2466 1551 pedestri
2520 1459 2735 1524 itinere

722 1573 760 1614 a
805 1549 1038 1616 Gnoso
1096 1551 1256 1628 urbe
1321 1549 1403 1614 ad
1451 1558 1709 1632 antrum
1754 1549 2199 1636 templumque
2247 1549 2431 1614 Iovis
2474 1566 2734 1610 comme-

722 1657 870 1700 asse
919 1645 982 1700 et
1031 1636 1258 1701 crebro
1293 1636 1465 1700 inter
1496 1637 1664 1701 viam
1698 1637 2159 1718 consistenteS,
2204 1633 2531 1700 interdum
2560 1631 2735 1695 etiam

724 1724 791 1786 in
853 1722 1146 1788 amoenis
1206 1721 1372 1787 locis
1438 1723 1961 1806 requiescenteS,
2036 1721 2117 1786 de
2178 1719 2497 1787 institutis
2538 1737 2733 1781 rerum

723 1809 1133 1893 publicarum
1177 1830 1255 1872 ac
1301 1807 1382 1872 de
1427 1808 1691 1894 optimis
1734 1807 1991 1895 legibus
2034 1807 2183 1872 hos·
2220 1806 2560 1873 miscuisse
2615 1824 2735 1866 ser·

724 1917 970 1976 mones,
1017 1895 1086 1958 in
1130 1916 1296 1978 quos
1341 1893 1493 1958 ideo
1540 1895 1949 1979 potissimum
1991 1893 2380 1976 inciderint,
2428 1889 2577 1974 quia
2614 1885 2775 1962 Cli-‚

727 1982 869 2046 nias
915 1979 1251 2046 Cretensis
1295 1981 1363 2044 in
1408 1990 1649 2045 terram
1678 1981 2065 2065 Magnetum
2110 1981 2299 2044 iussu
2342 1973 2735 2064 popularium

727 2088 994 2134 suorum
1050 2089 1288 2130 novam
1340 2066 1664 2132 coloniam
1710 2064 2031 2130 deducere
2076 2066 2397 2143 voluerit3
2467 2088 2525 2126 v.
2570 2059 2733 2124 Libr.

726 2153 781 2218 Ι.
839 2154 926 2217 in.
1000 2162 1066 2217 et
1124 2151 1252 2215 III.
1311 2177 1377 2238 p.
1438 2155 1581 2218 702.
1652 2153 1729 2216 B.
1778 2173 1923 2237 sqq.
2018 2152 2123 2216 De
2168 2149 2409 2235 quibus
2458 2145 2735 2212 omnibus

726 2240 840 2304 vix
907 2243 1008 2304 est
1071 2261 1188 2304 cur
1247 2237 1503 2323 aliquid
1579 2237 2063 2303 admoneamus·
2180 2237 2375 2319 Quis·
2414 2233 2579 2300 enim
2614 2237 2735 2292 ·est

730 2325 892 2411 quin
947 2325 1052 2391 vel
1109 2347 1240 2389 non
1295 2325 1586 2391 monitus
1644 2325 2002 2412 intelligat,
2063 2324 2396 2409 praeclare
2457 2339 2593 2385 esse
2647 2316 2733 2377 in-

607 2427 612 2436 '
729 2429 1036 2496 ventum,
1085 2411 1264 2497 quod
1305 2411 1603 2497 hospites
1650 2412 2076 2477 communiter
2117 2411 2623 2497 proficiscuntur
2664 2398 2735 2463 ad

729 2509 987 2564 antrum
1051 2498 1497 2584 templumque
1556 2499 1695 2563 eius
1742 2497 1881 2581 dei,
1944 2499 2057 2581 qui
2113 2498 2323 2577 veteri
2378 2497 2549 2559 fama
2586 2491 2733 2553 iere-

729 2585 921 2649 batur
973 2583 1192 2669 legum
1251 2581 1661 2647 Creticamm
1716 2592 1947 2647 auctor
2006 2582 2197 2649 esse?
2288 2579 2485 2664 Quod
2541 2583 2733 2639 autem

729 2670 825 2733 illi
867 2678 1215 2731 narrantur
1254 2668 1427 2733 inter
1470 2670 1642 2732 viam
1688 2667 2013 2733 interdum
2044 2669 2425 2734 constitisse
2468 2674 2533 2729 et
2571 2659 2733 2755 iden-

730 2753 932 2818 tidem
992 2754 1062 2817 in
1118 2754 1280 2818 locis
1340 2754 1819 2819 amoenioribus
1866 2755 2308 2841 requievisse,
2367 2750 2641 2838 pertinet
2674 2738 2732 2805 ld

678 2920 681 2925 Ι
732 2842 874 2907 sine
904 2839 1106 2905 dubio
1150 2838 1237 2903 >ad
1268 2862 1639 2904 sermonum
1684 2840 2200 2926 amplitudinem,
2252 2860 2523 2924 quorum
2568 2850 2733 2895 enar·

678 3001 683 3006 ,
733 2928 900 2991 ratio
965 2927 1326 3011 postulavit
1382 2949 1541 2991 sane
1598 2937 1854 3012 tempus
1912 2928 2171 3014 longius
2236 2950 2315 2991 ac
2364 2917 2731 3008 diuturnius:

734 3012 1148 3097 Quamquam
1200 3034 1358 3077 num
1415 3013 1510 3077 illi
1568 3036 1701 3077 uno
1761 3013 1871 3077 die·
1940 3036 2023 3078 an
2096 3013 2395 3097 pluribus
2469 3008 2731 3099 perot-at!

681 3120 688 3127 ·
734 3100 900 3185 sint,
962 3120 1287 3183 nusquam
1345 3100 1519 3163 clare
1577 3098 1925 3164 indicatur.
2027 3098 2201 3162 Illud
2262 3120 2461 3163 unum
2504 3082 2733 3181 liqmd·o

734 3186 1170 3272 perscriptum
1243 3193 1456 3267 extat,
1516 3185 1917 3269 colloquium
1973 3184 2267 3248 habitum
2329 3204 2469 3249 esse
2526 3188 2732 3262 pallfflss

735 3271 967 3336 diebus
1012 3281 1160 3338 ante
1205 3271 1559 3337 solstitium
1604 3272 1945 3353 aestivum,
1994 3270 2076 3335 de
2122 3293 2249 3355 quo
2294 3294 2356 3335 v.
2402 3266 2577 3332 Libr.
2620 3253 2731 3321 III·

736 3382 798 3442 p.
845 3358 991 3421 683.
1040 3355 1142 3439 C,
1190 3366 1665 3439 et·sermonem
1712 3379 1919 3441 usque
1964 3355 2049 3419 ad
2092 3356 2278 3421 Libr.
2324 3354 2467 3419 IV.
2496 3374 2558 3435 p·
2602 3342 2727 3429 722·

737 3440 812 3507 C.
878 3442 1248 3527 expositum
1322 3442 1477 3506 inde
1511 3466 1573 3506 -a
1644 3446 1961 3507 matutino
2026 3451 2329 3529 ‘tempore
2398 3454 2597 3517 usque
2656 3422 2729 3526 3²1}

737 3526 1070 3593 meridiem
1115 3527 1250 3592 fere
1295 3527 1590 3593 eiusdem
1634 3528 1767 3593 diei
1811 3527 2231 3614 pertinuisse,
2297 3520 2610 3610 siquidem
2652 3510 2730 3609 ᾧ]

739 3611 1200 3677 Atheniensis:
1267 3611 1501 3699 σχεδὸν
1565 3612 1731 3698 γάρ,
1775 3615 2031 3699 inquit,
2090 3616 2157 3695 ἐξ
2226 3613 2391 3679 ὅσου
2435 3608 2575 3690 περὶ
2620 3617 2734 3703 ταζν

738 3699 967 3781 νόμων
1009 3698 1326 3783 ἤργμεθα
1371 3701 1607 3783 λέγειν,
1668 3702 1735 3781 ἐξ
1769 3703 2067 3765 ἑωθινοῦ
2112 3699 2489 3782 μεσημβρία
2529 3711 2595 3793 ’τε
2636 3704 2731 3765 7ε”’

737 3793 896 3869 γονέ
939 3788 1048 3848 καὶ
1098 3790 1168 3849 ἐν
1213 3780 1417 3874 ταύτῃ
1453 3782 1753 3874 παγκάλῃ
1812 3782 2157 3876 ἀναπαύλῃ
2203 3789 2334 3850 τινὶ
2393 3786 2731 3861 γεγοναμῧν

740 3869 933 3937 οὐδὲν
987 3868 1120 3935 ἀλλ’
1161 3865 1222 3947 ,ἢ
1281 3874 1428 3951 περὶ
1492 3866 1719 3951 νόμων
1776 3868 2251 3957 διαλεγόμενοι.
2351 3866 2495 3933 Nec
2536 3870 2730 3923 tamen

738 3963 998 4045 praeter
1049 3955 1678 4021 verisimilitudinem
1738 3954 2036 4023 Cicero
2114 3958 2321 4043 Legg.
2394 3950 2480 4014 11.
2536 3968 2590 4043 ς·
2644 3936 2729 4002 ‘27-

737 4041 988 4107 video
1035 4042 1284 4124 enim',
1332 4042 1585 4128 inquit,
1651 4042 2099 4108 Platonem
2144 4041 2357 4107 idem
2400 4038 2727 4099 femsse,

740 4150 1232 4215 omnemque
1285 4130 1767 4195 orationem
1824 4130 2003 4195 eius
2050 4128 2144 4193 de
2190 4123 2524 4217 legibup
2564 4128 2731 4203 per-

740 4224 1058 4279 oratam
1149 4236 1332 4283 esse
1425 4238 1583 4281 uno
1678 4216 2011 4281 aestivo
2084 4214 2235 4277 die.
2358 4207 2609 4289 Quippe
2670 4185 2728 4251 ¹d
