2857 4738
632 341 845 410 Lxu
1288 335 2022 406 PROLEGOMENA

632 514 733 579 bis
796 509 993 577 modo
1051 511 1272 576 activa
1324 507 1523 576 modo
1584 507 1804 574 media
1839 507 2053 574 forma
2097 527 2256 572 usus
2295 505 2444 570 esse
2487 527 2686 591 repe.-

631 596 887 664 riatur?
974 597 1187 662 Porro
1250 595 1456 661 semel
1517 603 1774 658 tantum
1817 591 1998 678 apud
2043 592 2388 658 Platonem
2431 591 2688 679 legitur

630 686 1064 766 τημελεῖν,
1110 705 1392 748 curam
1438 679 1882 763 adhibere,
1943 679 2155 766 Legg.
2199 677 2368 742 XII.
2417 701 2482 762 p.
2528 681 2682 742 953.

630 771 714 836 A.
761 769 875 835 ubi
920 768 1298 834 sacerdotes
1326 765 1645 832 dicuntur
1689 768 1820 829 τῶν
1863 769 2193 830 romonem
2238 767 2684 845 ἐπιμελεῖ-

540 869 553 876 ’
630 861 844 921 σθαι
909 859 1045 918 καὶ
1088 856 1511 932 τημελεῖν
1569 850 1829 919 debere.
1935 847 2136 942 Quod
2179 858 2398 914 tamen
2443 849 2682 914 rectis·-

628 941 792 1006 sime
852 938 1101 1004 dictum
1160 959 1303 1002 esse
1348 945 1557 1021 patet,
1605 934 2144 1020 quandoquidem
2189 937 2523 1015 τημελεῖν,
2575 959 2682 1014 τη-

538 1074 546 1082 .
626 1029 821 1110 μέλη,
884 1027 1195 1106 τημέλεια
1238 1045 1371 1087 non
1414 1029 1674 1085 tantum
1721 1020 1804 1086 de
1847 1021 2186 1085 curatione
2231 1019 2512 1085 alicuius
2556 1021 2678 1103 rei,

627 1109 745 1178 sed
788 1107 987 1174 etiam
1032 1107 1119 1196 de
1160 1106 1452 1172 eiusdem
1495 1104 1823 1188 custodia,
1869 1105 2053 1170 cultu
2099 1115 2167 1170 et
2205 1115 2444 1174 ornatu
2487 1129 2682 1170 usur-

628 1195 772 1283 pari
859 1194 1224 1260 consuevit.
1347 1193 1493 1257 Nec
1570 1215 1728 1256 vero
1803 1213 1962 1256 usus
2041 1191 2227 1256 verbi
2295 1191 2682 1256 destituitur

627 1279 1165 1370 gravissimorum
1228 1277 1355 1345 scri
1406 1287 1623 1342 torum
1671 1280 2096 1359 auctoritate,
2147 1298 2341 1360 quem
2385 1275 2680 1342 celebra-

628 1375 786 1434 runt
826 1364 1301 1450 Euripides
1345 1369 1347 1372 ’
1387 1362 1500 1449 phi
1553 1413 1568 1428 .
1615 1363 1820 1428 Taur.
1869 1365 2014 1426 311.
2063 1361 2278 1448 lphig.
2325 1361 2480 1428 Aul.
2527 1364 2675 1428 731.

629 1474 708 1518 ac
750 1460 985 1538 postea
1030 1450 1225 1516 etiam
1256 1451 1524 1516 Plutare
1574 1470 1675 1529 us,
1723 1447 1969 1514 Sextus
2005 1447 2406 1534 Empirieus‚
2458 1447 2674 1532 Phile,

632 1537 1004 1618 Hierocles,
1038 1536 1181 1614 alii3
1230 1547 1428 1621 atque
1458 1541 1682 1620 aperte
1729 1541 1804 1598 ut
1835 1534 2113 1618 probum
2161 1533 2436 1619 agnovit
2478 1533 2678 1600 etiam

641 1621 1177 1709 Phrynichus
1248 1622 1317 1685 in
1389 1618 1764 1684 Bekkeri
1843 1617 2172 1683 Anecdot.
2237 1642 2303 1767 112¹.
2376 1621 2496 1700 66,
2539 1625 2676 1685 ·14.

601 1707 963 1792 .Quocirca
1022 1729 1105 1770 ne
1166 1705 1292 1771 hoc
1392 1702 1614 1769 uidem
1657 1703 1928 1769 verbum
2021 1727 2094 1768 er
2136 1726 2208 1770 se
2299 1704 2452 1782 abet
2497 1703 2682 1786 quod

627 1793 763 1860 ullo'
796 1791 995 1858 modo
1018 1730 1557 1878 reprehendatur.
1589 1790 1736 1855 Reli
1787 1811 1938 1857 uum
2017 1790 2255 1874 enique
2279 1799 2382 1855 est
2404 1790 2676 1854 verbum

629 1877 953 1958 τητάω,
1000 1877 1294 1962 priv0‚
1356 1875 1681 1962 spolio,
1810 1874 1903 1938 11.
1950 1898 2014 1961 p.
2064 1877 2210 1942 810.
2271 1874 2352 1940 Β.
2411 1876 2678 1961 passive

722 1962 944 2045 situm,
982 1972 1059 2026 ut
1102 1962 1190 2027 sit
1248 1983 1580 2043 carere,
1651 1961 2160 2027 destitutum
2219 1982 2436 2034 esse,
2480 1961 2678 2025 sicuti

678 2048 879 2114 udum
901 2046 1316 2132 explicarunt
1338 2045 1828 2133 Hesychius
1857 2055 2060 2132 atque
2085 2044 2458 2111 Photius.
2489 2045 2676 2112 Usus

633 2157 789 2200 vero
835 2134 948 2198 illo
981 2141 1084 2198 est
1128 2133 1375 2219 primus
1404 2129 1850 2197 Hesiodus
1897 2132 2077 2218 Opp.
2122 2133 2277 2196 DI).
2327 2134 2431 2195 26.
2479 2153 2676 2216 quem

632 2218 873 2286 deinde
918 2217 1129 2284 secuti
1174 2226 1332 2282 sunt
1370 2217 1480 2282 alii
1525 2225 1784 2304 poetae,
1831 2217 2149 2302 imprimis
2193 2217 2448 2304 tragici.
2539 2215 2676 2281 Sed

632 2305 894 2372 transiit
924 2303 1064 2371 eius
1086 2302 1431 2391 usurpatio
1473 2325 1626 2367 mox
1649 2303 1846 2366 etiam
1884 2302 1969 2368 ad
2005 2301 2334 2389 pedestris
2355 2301 2675 2367 orationis

632 2392 1029 2478 scriptores,
1077 2414 1159 2455 ex
1190 2390 1432 2475 quibus
1464 2388 1626 2454 illud
1670 2389 1796 2453 iam
1835 2398 1986 2454 ante
2021 2389 2362 2454 Platonem
2408 2387 2492 2452 ad
2538 2411 2674 2453 rem

631 2500 816 2543 suam
871 2475 1177 2543 a‘dhibuit
1232 2474 1710 2559 Xenophon
1767 2470 2017 2561 Cyrop.
2065 2472 2263 2539 VIII.
2305 2475 2370 2555 4,
2417 2476 2519 2539 33.
2565 2474 2680 2538 ubi

632 2564 775 2627 sine
833 2560 971 2624 ulla
1027 2558 1442 2624 dubitatione
1502 2581 1651 2623 cum
1710 2558 1914 2625 Lud.
1978 2558 2450 2624 Dindorfio
2508 2558 2674 2623 ἀλλὰ

632 2648 961 2726 τητῶνται
996 2642 1454 2730 refingendum
1485 2652 1591 2709 est
1633 2667 1755 2728 pro
1799 2642 1968 2709 ἀλλὰ
2015 2644 2347 2724 ἡττῶνται
2385 2644 2490 2708 vel
2535 2644 2672 2709 ἀλλ’

631 2731 1036 2804 ἀπατῶνται,
1065 2727 1244 2813 quod
1276 2737 1379 2793 est
1410 2728 1606 2793 etiam
1645 2730 1715 2793 in
1761 2751 1958 2794 manu
2003 2730 2270 2815 scriptis
2311 2728 2676 2797 codicibus.

742 2830 751 2839 ·
801 2815 1028 2898 Atque
1056 2812 1235 2879 ‘haec
1281 2812 1550 2897 quidem
1579 2825 1738 2880 sunt
1779 2815 1912 2879 fere
1957 2814 2300 2897 vocabu-la,
2350 2837 2524 2898 quae
2567 2815 2678 2880 hic

630 2910 709 2965 ut
751 2900 1000 2964 rariora
1040 2900 1109 2963 in
1154 2898 1454 2987 Legibus
1498 2898 1788 2964 notanda
1833 2900 2114 2965 fuerunt.
2203 2899 2384 2982 Quid
2428 2900 2684 2986 igitur?

629 2986 1093 3072 putabimusne
1152 3006 1231 3049 ea
1294 3008 1443 3055 esse
1486 2984 1833 3064 eiusmodi,
1880 2994 1956 3051 ut
1998 3008 2078 3050 ex
2121 3008 2249 3051 usu
2295 3008 2518 3051 eorum
2565 3009 2676 3051 ve·-

632 3072 992 3137 risimiliter
1047 3070 1432 3136 coniectura
1505 3071 1728 3155 aliqua
1785 3069 1869 3135 de
1955 3070 2327 3136 adulterina
2415 3072 2674 3159 Legum

629 3157 1118 3224 Platonicamm
1176 3157 1425 3243 origine
1469 3158 1616 3243 capi
1663 3154 1902 3240 queat?
1990 3155 2317 3221 Nimirum
2363 3166 2521 3222 sunt
2564 3156 2676 3223 illa

630 3244 973 3327 profecte,
1020 3242 1219 3307 sicuti
1262 3241 1582 3321 vidimus,
1631 3263 1751 3326 per
1793 3262 1863 3305 se
1911 3250 2213 3340 spectata
2255 3241 2423 3307 adeo
2515 3242 2677 3307 roba

632 3335 833 3411 atque
889 3328 1184 3409 sincera,
1244 3336 1321 3391 ut
1375 3348 1458 3389 ne
1513 3326 2092 3411 praestantissimis
2153 3327 2419 3411 quidem
2533 3350 2674 3393 rae-

632 3412 855 3477 citatis
900 3412 1279 3477 auctoribus
1326 3410 1804 3497 displicuerint,
1855 3410 1970 3493 qui
2012 3411 2138 3476 illis
2187 3414 2430 3498 partim
2477 3415 2674 3478 etiam

630 3496 1053 3562 vehementer
1110 3505 1270 3562 sunt
1325 3495 1657 3561 delectati.
1771 3494 1910 3563 Sed
1973 3497 2152 3580 quod
2209 3521 2343 3565 non
2401 3498 2674 3565 minoris

630 3582 944 3647 momenti
988 3590 1112 3663 est,
1160 3591 1317 3647 sunt
1370 3582 1485 3645 illa
1525 3581 1720 3646 etiam
1762 3581 2076 3647 universo
2135 3582 2398 3649 dicendi
2446 3584 2672 3670 generi

626 3666 697 3731 in
757 3665 885 3733 hoc
942 3687 1143 3752 opere
1200 3676 1522 3752 usurpato
1585 3676 1654 3731 et
1755 3675 1983 3753 ropter
2035 3667 2432 3755 singularem
2477 3692 2674 3757 argu-

630 3750 835 3817 menti
908 3751 1226 3816 rationem
1310 3750 1574 3815 'delecto
1652 3774 1697 3835 p
1725 3773 1848 3817 ane
1920 3754 2396 3819 convenientia.
2516 3755 2674 3821 Alia

629 3837 802 3903 enim
860 3836 1127 3924 linguae
1184 3834 1269 3900 ad
1326 3836 1861 3923 legumlationem
1921 3848 2338 3924 comparatae
2409 3841 2671 3906 omnino

626 3922 937 3988 videntur
989 3920 1192 3987 fuisse
1248 3921 1548 4008 propria:
1607 3922 1738 3989 alia
1792 3921 2017 3987 valent
2073 3922 2157 3987 ad
2221 3923 2512 3991 eiusdem
2560 3949 2669 4012 pe-

625 4008 880 4075 nuriam
938 4016 1003 4095 et
1030 4006 1346 4094 'inopiam
1399 4007 1747 4073 levandam
1789 4008 1896 4073 vel
1941 4009 2410 4092 amovendam,
2461 4033 2670 4094 quan-

622 4090 980 4193 doquidem
1042 4116 1259 4161 rerum
1318 4094 1702 4161 notionibus
1757 4093 2130 4161 accuratius
2205 4117 2282 4159 ac
2357 4095 2668 4163 subtilius

622 4176 1050 4265 designandis
1104 4178 1507 4259 inserviunt3
1565 4180 1695 4248 alia
1734 4179 2234 4247 accommodata
2275 4190 2432 4245 sunt
2473 4188 2666 4269 gran-
