<?xml version="1.0" encoding="UTF-8"?>
<!DOCTYPE html PUBLIC "-//W3C//DTD XHTML 1.0 Transitional//EN"
    "http://www.w3.org/TR/xhtml1/DTD/xhtml1-transitional.dtd">
<html xmlns="http://www.w3.org/1999/xhtml" xml:lang="en" lang="en">
 <head>
  <title>
</title>
<meta http-equiv="Content-Type" content="text/html;charset=utf-8" />
  <meta name='ocr-system' content='tesseract 3.04.00' />
  <meta name='ocr-capabilities' content='ocr_page ocr_carea ocr_par ocr_line ocrx_word'/>
</head>
<body>
  <div class='ocr_page' id='page_1' title='image "./legesetepinomis00unkngoog_0068.png"; bbox 0 0 2857 4738; ppageno 0'>
   <div class='ocr_carea' id='block_1_1' title="bbox 802 321 2197 398">
    <p class='ocr_par' dir='ltr' id='par_1_1' title="bbox 802 321 2197 398">
     <span class='ocr_line' id='line_1_1' title="bbox 802 321 2197 398; baseline 0.004 -6"><span class='ocrx_word' id='word_1_1' title='bbox 802 327 927 392; x_wconf 77' lang='lat' dir='ltr'>DE</span> <span class='ocrx_word' id='word_1_2' title='bbox 974 321 1395 398; x_wconf 80' lang='lat' dir='ltr'>LEGIBUS</span> <span class='ocrx_word' id='word_1_3' title='bbox 1447 339 1572 396; x_wconf 83' lang='lat' dir='ltr'>etc.</span> <span class='ocrx_word' id='word_1_4' title='bbox 1950 333 2197 398; x_wconf 83' lang='lat' dir='ltr'>Lxm</span> 
     </span>
    </p>
   </div>
   <div class='ocr_carea' id='block_1_2' title="bbox 177 496 2191 1778">
    <p class='ocr_par' dir='ltr' id='par_1_2' title="bbox 177 496 2191 1778">
     <span class='ocr_line' id='line_1_2' title="bbox 194 496 2190 587; baseline 0.005 -27"><span class='ocrx_word' id='word_1_5' title='bbox 194 496 349 563; x_wconf 73' lang='lat' dir='ltr'>ditati</span> <span class='ocrx_word' id='word_1_6' title='bbox 398 498 489 561; x_wconf 83' lang='lat' dir='ltr'>illi</span> <span class='ocrx_word' id='word_1_7' title='bbox 546 509 617 562; x_wconf 89' lang='lat' dir='ltr'>et</span> <span class='ocrx_word' id='word_1_8' title='bbox 672 497 1199 584; x_wconf 80' lang='lat' dir='ltr'>magnificentiae</span> <span class='ocrx_word' id='word_1_9' title='bbox 1233 499 1608 584; x_wconf 75' lang='lat' dir='ltr'>orationis,</span> <span class='ocrx_word' id='word_1_10' title='bbox 1655 523 1850 584; x_wconf 88' lang='lat' dir='ltr'>quam</span> <span class='ocrx_word' id='word_1_11' title='bbox 1897 502 2190 587; x_wconf 85' lang='lat' dir='ltr'>philoso-</span> 
     </span>
     <span class='ocr_line' id='line_1_3' title="bbox 192 583 2190 672; baseline 0.004 -24"><span class='ocrx_word' id='word_1_12' title='bbox 192 583 331 666; x_wconf 81' lang='lat' dir='ltr'>phus</span> <span class='ocrx_word' id='word_1_13' title='bbox 382 606 575 668; x_wconf 91' lang='lat' dir='ltr'>quum</span> <span class='ocrx_word' id='word_1_14' title='bbox 634 585 815 648; x_wconf 86' lang='lat' dir='ltr'>omni</span> <span class='ocrx_word' id='word_1_15' title='bbox 874 583 1093 669; x_wconf 87' lang='lat' dir='ltr'>legum</span> <span class='ocrx_word' id='word_1_16' title='bbox 1158 584 1504 670; x_wconf 77' lang='lat' dir='ltr'><strong>scriptioni</strong></span> <span class='ocrx_word' id='word_1_17' title='bbox 1547 595 1690 650; x_wconf 85' lang='lat' dir='ltr'>tum</span> <span class='ocrx_word' id='word_1_18' title='bbox 1735 586 2054 672; x_wconf 81' lang='lat' dir='ltr'>imprimis</span> <span class='ocrx_word' id='word_1_19' title='bbox 2099 589 2190 655; x_wconf 88' lang='lat' dir='ltr'>le-</span> 
     </span>
     <span class='ocr_line' id='line_1_4' title="bbox 190 669 2190 756; baseline 0.004 -24"><span class='ocrx_word' id='word_1_20' title='bbox 190 691 317 752; x_wconf 86' lang='lat' dir='ltr'>gum</span> <span class='ocrx_word' id='word_1_21' title='bbox 364 669 713 756; x_wconf 83' lang='lat' dir='ltr'>prooemiis</span> <span class='ocrx_word' id='word_1_22' title='bbox 772 669 1105 754; x_wconf 81' lang='lat' dir='ltr'>propriam</span> <span class='ocrx_word' id='word_1_23' title='bbox 1149 691 1297 734; x_wconf 89' lang='lat' dir='ltr'>esse</span> <span class='ocrx_word' id='word_1_24' title='bbox 1338 670 1585 753; x_wconf 84' lang='lat' dir='ltr'>voluit,</span> <span class='ocrx_word' id='word_1_25' title='bbox 1647 671 1774 735; x_wconf 79' lang='lat' dir='ltr'>vel·</span> <span class='ocrx_word' id='word_1_26' title='bbox 1799 674 1995 737; x_wconf 88' lang='lat' dir='ltr'>etiam</span> <span class='ocrx_word' id='word_1_27' title='bbox 2039 697 2190 739; x_wconf 87' lang='lat' dir='ltr'>sua-</span> 
     </span>
     <span class='ocr_line' id='line_1_5' title="bbox 190 753 2190 839; baseline 0.003 -23"><span class='ocrx_word' id='word_1_28' title='bbox 190 753 345 818; x_wconf 82' lang='lat' dir='ltr'>vibus</span> <span class='ocrx_word' id='word_1_29' title='bbox 384 771 447 818; x_wconf 87' lang='lat' dir='ltr'>et</span> <span class='ocrx_word' id='word_1_30' title='bbox 483 754 780 820; x_wconf 73' lang='lat' dir='ltr'>venustis</span> <span class='ocrx_word' id='word_1_31' title='bbox 838 770 1069 818; x_wconf 85' lang='lat' dir='ltr'>senum</span> <span class='ocrx_word' id='word_1_32' title='bbox 1128 755 1650 839; x_wconf 82' lang='lat' dir='ltr'>colloquentium</span> <span class='ocrx_word' id='word_1_33' title='bbox 1707 759 2190 824; x_wconf 85' lang='lat' dir='ltr'>confabulatio·-</span> 
     </span>
     <span class='ocr_line' id='line_1_6' title="bbox 188 839 2189 929; baseline 0.005 -29"><span class='ocrx_word' id='word_1_34' title='bbox 188 839 345 904; x_wconf 88' lang='lat' dir='ltr'>nibus</span> <span class='ocrx_word' id='word_1_35' title='bbox 396 839 647 924; x_wconf 83' lang='lat' dir='ltr'>aliquid</span> <span class='ocrx_word' id='word_1_36' title='bbox 705 840 1071 905; x_wconf 79' lang='lat' dir='ltr'>venustatis</span> <span class='ocrx_word' id='word_1_37' title='bbox 1130 839 1536 924; x_wconf 85' lang='lat' dir='ltr'>attribuunt,</span> <span class='ocrx_word' id='word_1_38' title='bbox 1597 863 1678 905; x_wconf 83' lang='lat' dir='ltr'>ex</span> <span class='ocrx_word' id='word_1_39' title='bbox 1738 844 1977 929; x_wconf 89' lang='lat' dir='ltr'>quibus</span> <span class='ocrx_word' id='word_1_40' title='bbox 2039 846 2189 910; x_wconf 87' lang='lat' dir='ltr'>unis</span> 
     </span>
     <span class='ocr_line' id='line_1_7' title="bbox 184 924 2190 1015; baseline 0.005 -29"><span class='ocrx_word' id='word_1_41' title='bbox 184 926 424 989; x_wconf 82' lang='lat' dir='ltr'>maxime</span> <span class='ocrx_word' id='word_1_42' title='bbox 485 925 783 990; x_wconf 71' lang='lat' dir='ltr'>tontibus</span> <span class='ocrx_word' id='word_1_43' title='bbox 833 924 1155 1002; x_wconf 65' lang='lat' dir='ltr'>&#39;dictionis</span> <span class='ocrx_word' id='word_1_44' title='bbox 1219 927 1520 1011; x_wconf 81' lang='lat' dir='ltr'>poeticae</span> <span class='ocrx_word' id='word_1_45' title='bbox 1583 949 1741 992; x_wconf 89' lang='lat' dir='ltr'>usus</span> <span class='ocrx_word' id='word_1_46' title='bbox 1793 929 2190 1015; x_wconf 84' lang='lat' dir='ltr'>repetendus</span> 
     </span>
     <span class='ocr_line' id='line_1_8' title="bbox 182 1008 2191 1104; baseline 0.005 -33"><span class='ocrx_word' id='word_1_47' title='bbox 182 1008 437 1088; x_wconf 59' lang='lat' dir='ltr'>videtum</span> <span class='ocrx_word' id='word_1_48' title='bbox 498 1010 791 1095; x_wconf 87' lang='lat' dir='ltr'>denique</span> <span class='ocrx_word' id='word_1_49' title='bbox 848 1011 1067 1074; x_wconf 83' lang='lat' dir='ltr'>omnia</span> <span class='ocrx_word' id='word_1_50' title='bbox 1121 1019 1325 1094; x_wconf 58' lang='lat' dir='ltr'>&#39;atque</span> <span class='ocrx_word' id='word_1_51' title='bbox 1371 1011 1632 1099; x_wconf 83' lang='lat' dir='ltr'>singula</span> <span class='ocrx_word' id='word_1_52' title='bbox 1671 1023 1806 1078; x_wconf 91' lang='lat' dir='ltr'>tam</span> <span class='ocrx_word' id='word_1_53' title='bbox 1854 1015 2191 1104; x_wconf 84' lang='lat' dir='ltr'>eleganter</span> 
     </span>
     <span class='ocr_line' id='line_1_9' title="bbox 180 1095 2188 1180; baseline 0.005 -24"><span class='ocrx_word' id='word_1_54' title='bbox 180 1105 311 1158; x_wconf 86' lang='lat' dir='ltr'>sunt</span> <span class='ocrx_word' id='word_1_55' title='bbox 360 1095 647 1180; x_wconf 82' lang='lat' dir='ltr'>delecta,</span> <span class='ocrx_word' id='word_1_56' title='bbox 709 1105 793 1160; x_wconf 84' lang='lat' dir='ltr'>ut</span> <span class='ocrx_word' id='word_1_57' title='bbox 843 1095 1023 1179; x_wconf 90' lang='lat' dir='ltr'>quod</span> <span class='ocrx_word' id='word_1_58' title='bbox 1080 1097 1148 1166; x_wconf 86' lang='lat' dir='ltr'>in</span> <span class='ocrx_word' id='word_1_59' title='bbox 1208 1096 1290 1162; x_wconf 88' lang='lat' dir='ltr'>iis</span> <span class='ocrx_word' id='word_1_60' title='bbox 1346 1097 1436 1162; x_wconf 87' lang='lat' dir='ltr'>sit</span> <span class='ocrx_word' id='word_1_61' title='bbox 1493 1098 1848 1164; x_wconf 87' lang='lat' dir='ltr'>absurdum</span> <span class='ocrx_word' id='word_1_62' title='bbox 1895 1110 2007 1166; x_wconf 89' lang='lat' dir='ltr'>aut</span> <span class='ocrx_word' id='word_1_63' title='bbox 2048 1102 2188 1167; x_wconf 88' lang='lat' dir='ltr'>ine-</span> 
     </span>
     <span class='ocr_line' id='line_1_10' title="bbox 180 1180 2186 1267; baseline 0.005 -25"><span class='ocrx_word' id='word_1_64' title='bbox 180 1190 373 1264; x_wconf 87' lang='lat' dir='ltr'>ptum,</span> <span class='ocrx_word' id='word_1_65' title='bbox 432 1182 613 1246; x_wconf 83' lang='lat' dir='ltr'>nulla</span> <span class='ocrx_word' id='word_1_66' title='bbox 674 1205 755 1246; x_wconf 84' lang='lat' dir='ltr'>ex</span> <span class='ocrx_word' id='word_1_67' title='bbox 801 1191 987 1267; x_wconf 86' lang='lat' dir='ltr'>parte</span> <span class='ocrx_word' id='word_1_68' title='bbox 1034 1180 1548 1247; x_wconf 87' lang='lat' dir='ltr'>demonstratum</span> <span class='ocrx_word' id='word_1_69' title='bbox 1607 1184 1728 1262; x_wconf 84' lang='lat' dir='ltr'>sit.;</span> <span class='ocrx_word' id='word_1_70' title='bbox 1786 1205 1905 1249; x_wconf 91' lang='lat' dir='ltr'>cur</span> <span class='ocrx_word' id='word_1_71' title='bbox 1969 1197 2186 1254; x_wconf 87' lang='lat' dir='ltr'>autem</span> 
     </span>
     <span class='ocr_line' id='line_1_11' title="bbox 180 1265 2188 1353; baseline 0.006 -26"><span class='ocrx_word' id='word_1_72' title='bbox 180 1265 287 1328; x_wconf 85' lang='lat' dir='ltr'>sint</span> <span class='ocrx_word' id='word_1_73' title='bbox 335 1277 679 1353; x_wconf 85' lang='lat' dir='ltr'>usurpata,</span> <span class='ocrx_word' id='word_1_74' title='bbox 746 1267 1025 1352; x_wconf 86' lang='lat' dir='ltr'>singulis</span> <span class='ocrx_word' id='word_1_75' title='bbox 1083 1267 1248 1342; x_wconf 82' lang='lat' dir='ltr'>locis</span> <span class='ocrx_word' id='word_1_76' title='bbox 1318 1270 1694 1334; x_wconf 80' lang='lat' dir='ltr'>accuratius</span> <span class='ocrx_word' id='word_1_77' title='bbox 1753 1270 2188 1340; x_wconf 79' lang='lat' dir='ltr'>consideratis</span> 
     </span>
     <span class='ocr_line' id='line_1_12' title="bbox 180 1349 2187 1441; baseline 0.005 -29"><span class='ocrx_word' id='word_1_78' title='bbox 180 1349 329 1414; x_wconf 86' lang='lat' dir='ltr'>nullo</span> <span class='ocrx_word' id='word_1_79' title='bbox 368 1353 498 1416; x_wconf 88' lang='lat' dir='ltr'>fere</span> <span class='ocrx_word' id='word_1_80' title='bbox 543 1351 816 1440; x_wconf 88' lang='lat' dir='ltr'>negotio</span> <span class='ocrx_word' id='word_1_81' title='bbox 874 1352 1330 1438; x_wconf 73' lang='lat' dir='ltr'>perspiciatur.</span> <span class='ocrx_word' id='word_1_82' title='bbox 1422 1352 1644 1435; x_wconf 82' lang='lat' dir='ltr'>Quum</span> <span class='ocrx_word' id='word_1_83' title='bbox 1687 1354 1892 1441; x_wconf 88' lang='lat' dir='ltr'>igitur</span> <span class='ocrx_word' id='word_1_84' title='bbox 1939 1380 2018 1424; x_wconf 84' lang='lat' dir='ltr'>ea</span> <span class='ocrx_word' id='word_1_85' title='bbox 2061 1379 2187 1423; x_wconf 88' lang='lat' dir='ltr'>nec</span> 
     </span>
     <span class='ocr_line' id='line_1_13' title="bbox 178 1437 2184 1526; baseline 0.003 -24"><span class='ocrx_word' id='word_1_86' title='bbox 178 1437 559 1519; x_wconf 81' lang='lat' dir='ltr'>grammatice</span> <span class='ocrx_word' id='word_1_87' title='bbox 604 1459 730 1505; x_wconf 89' lang='lat' dir='ltr'>nec</span> <span class='ocrx_word' id='word_1_88' title='bbox 774 1437 1099 1502; x_wconf 81' lang='lat' dir='ltr'>rhetorice</span> <span class='ocrx_word' id='word_1_89' title='bbox 1126 1445 1427 1522; x_wconf 85' lang='lat' dir='ltr'>spectata</span> <span class='ocrx_word' id='word_1_90' title='bbox 1469 1437 1831 1523; x_wconf 84' lang='lat' dir='ltr'>quidquam</span> <span class='ocrx_word' id='word_1_91' title='bbox 1872 1440 2184 1526; x_wconf 77' lang='lat' dir='ltr'>habeant,</span> 
     </span>
     <span class='ocr_line' id='line_1_14' title="bbox 178 1520 2188 1610; baseline 0.004 -27"><span class='ocrx_word' id='word_1_92' title='bbox 178 1520 355 1603; x_wconf 76' lang='lat' dir='ltr'>quod‘</span> <span class='ocrx_word' id='word_1_93' title='bbox 382 1524 611 1590; x_wconf 89' lang='lat' dir='ltr'>merito</span> <span class='ocrx_word' id='word_1_94' title='bbox 667 1522 1055 1608; x_wconf 86' lang='lat' dir='ltr'>displiceat,</span> <span class='ocrx_word' id='word_1_95' title='bbox 1116 1532 1293 1588; x_wconf 88' lang='lat' dir='ltr'>certe</span> <span class='ocrx_word' id='word_1_96' title='bbox 1352 1523 1534 1588; x_wconf 82' lang='lat' dir='ltr'>nulla</span> <span class='ocrx_word' id='word_1_97' title='bbox 1589 1546 1826 1590; x_wconf 86' lang='lat' dir='ltr'>caussa</span> <span class='ocrx_word' id='word_1_98' title='bbox 1871 1535 2008 1610; x_wconf 87' lang='lat' dir='ltr'>est,</span> <span class='ocrx_word' id='word_1_99' title='bbox 2069 1549 2188 1592; x_wconf 91' lang='lat' dir='ltr'>cur</span> 
     </span>
     <span class='ocr_line' id='line_1_15' title="bbox 177 1603 2184 1697; baseline 0.006 -30"><span class='ocrx_word' id='word_1_100' title='bbox 177 1603 307 1670; x_wconf 84' lang='lat' dir='ltr'>inde</span> <span class='ocrx_word' id='word_1_101' title='bbox 356 1609 559 1674; x_wconf 87' lang='lat' dir='ltr'>malas</span> <span class='ocrx_word' id='word_1_102' title='bbox 618 1607 704 1672; x_wconf 90' lang='lat' dir='ltr'>de</span> <span class='ocrx_word' id='word_1_103' title='bbox 760 1607 1046 1672; x_wconf 86' lang='lat' dir='ltr'>universi</span> <span class='ocrx_word' id='word_1_104' title='bbox 1091 1609 1311 1693; x_wconf 86' lang='lat' dir='ltr'>operis</span> <span class='ocrx_word' id='word_1_105' title='bbox 1357 1609 1726 1696; x_wconf 87' lang='lat' dir='ltr'>originibus</span> <span class='ocrx_word' id='word_1_106' title='bbox 1769 1613 2184 1697; x_wconf 88' lang='lat' dir='ltr'>suspiciones</span> 
     </span>
     <span class='ocr_line' id='line_1_16' title="bbox 178 1693 2184 1778; baseline 0.004 -23"><span class='ocrx_word' id='word_1_107' title='bbox 178 1711 585 1778; x_wconf 80' lang='lat' dir='ltr'>assumamus,</span> <span class='ocrx_word' id='word_1_108' title='bbox 650 1693 1039 1778; x_wconf 81' lang='lat' dir='ltr'>praesertim</span> <span class='ocrx_word' id='word_1_109' title='bbox 1100 1716 1301 1777; x_wconf 88' lang='lat' dir='ltr'>quum</span> <span class='ocrx_word' id='word_1_110' title='bbox 1360 1715 1484 1759; x_wconf 90' lang='lat' dir='ltr'>nec</span> <span class='ocrx_word' id='word_1_111' title='bbox 1543 1694 1898 1762; x_wconf 82' lang='lat' dir='ltr'>multitudo</span> <span class='ocrx_word' id='word_1_112' title='bbox 1957 1719 2184 1764; x_wconf 86' lang='lat' dir='ltr'>eorum</span> 
     </span>
    </p>
   </div>
   <div class='ocr_carea' id='block_1_3' title="bbox 67 1776 2184 1867">
    <p class='ocr_par' dir='ltr' id='par_1_3' title="bbox 67 1776 2184 1867">
     <span class='ocr_line' id='line_1_17' title="bbox 67 1776 2184 1867; baseline 0.005 -29"><span class='ocrx_word' id='word_1_113' title='bbox 67 1829 72 1838; x_wconf 94' lang='lat'><em>.</em></span> <span class='ocrx_word' id='word_1_114' title='bbox 178 1776 417 1842; x_wconf 83' lang='lat' dir='ltr'>excedat</span> <span class='ocrx_word' id='word_1_115' title='bbox 486 1801 833 1844; x_wconf 89' lang='lat' dir='ltr'>numerum</span> <span class='ocrx_word' id='word_1_116' title='bbox 907 1778 1379 1846; x_wconf 68' lang='lat' dir='ltr'>vocabulorum</span> <span class='ocrx_word' id='word_1_117' title='bbox 1450 1780 1518 1848; x_wconf 81' lang='lat' dir='ltr'>in</span> <span class='ocrx_word' id='word_1_118' title='bbox 1592 1779 1736 1846; x_wconf 85' lang='lat' dir='ltr'>aliis</span> <span class='ocrx_word' id='word_1_119' title='bbox 1803 1781 2065 1867; x_wconf 85' lang='lat' dir='ltr'>philoso</span> <span class='ocrx_word' id='word_1_120' title='bbox 2115 1783 2184 1848; x_wconf 90' lang='lat' dir='ltr'>hi</span> 
     </span>
    </p>
   </div>
   <div class='ocr_carea' id='block_1_4' title="bbox 176 1862 2184 2803">
    <p class='ocr_par' dir='ltr' id='par_1_4' title="bbox 176 1862 2184 2803">
     <span class='ocr_line' id='line_1_18' title="bbox 178 1862 2184 1955; baseline 0.004 -31"><span class='ocrx_word' id='word_1_121' title='bbox 178 1862 403 1948; x_wconf 87' lang='lat' dir='ltr'>scriptis</span> <span class='ocrx_word' id='word_1_122' title='bbox 454 1865 652 1929; x_wconf 88' lang='lat' dir='ltr'>simili</span> <span class='ocrx_word' id='word_1_123' title='bbox 708 1863 975 1928; x_wconf 82' lang='lat' dir='ltr'>licentia</span> <span class='ocrx_word' id='word_1_124' title='bbox 1018 1873 1505 1950; x_wconf 84' lang='lat' dir='ltr'>usurpatorum.</span> <span class='ocrx_word' id='word_1_125' title='bbox 1606 1866 1800 1937; x_wconf 76' lang='lat' dir='ltr'>Nam,</span> <span class='ocrx_word' id='word_1_126' title='bbox 1823 1868 1890 1932; x_wconf 88' lang='lat' dir='ltr'>in</span> <span class='ocrx_word' id='word_1_127' title='bbox 1942 1866 2080 1955; x_wconf 89' lang='lat' dir='ltr'>Sop</span> <span class='ocrx_word' id='word_1_128' title='bbox 2130 1871 2184 1932; x_wconf 91' lang='lat' dir='ltr'>i-</span> 
     </span>
     <span class='ocr_line' id='line_1_19' title="bbox 178 1948 2179 2048; baseline 0.004 -37"><span class='ocrx_word' id='word_1_129' title='bbox 178 1954 263 2011; x_wconf 83' lang='lat' dir='ltr'>sta</span> <span class='ocrx_word' id='word_1_130' title='bbox 314 1948 600 2048; x_wconf 84' lang='lat' dir='ltr'>quidem,</span> <span class='ocrx_word' id='word_1_131' title='bbox 648 1950 719 2014; x_wconf 88' lang='lat' dir='ltr'>in</span> <span class='ocrx_word' id='word_1_132' title='bbox 769 1948 1087 2032; x_wconf 80' lang='lat' dir='ltr'>Politice,</span> <span class='ocrx_word' id='word_1_133' title='bbox 1146 1951 1217 2014; x_wconf 89' lang='lat' dir='ltr'>in</span> <span class='ocrx_word' id='word_1_134' title='bbox 1263 1949 1691 2036; x_wconf 83' lang='lat' dir='ltr'>Parmenide,</span> <span class='ocrx_word' id='word_1_135' title='bbox 1759 1953 1828 2017; x_wconf 89' lang='lat' dir='ltr'>in</span> <span class='ocrx_word' id='word_1_136' title='bbox 1875 1953 2179 2039; x_wconf 82' lang='lat' dir='ltr'>Philebo,</span> 
     </span>
     <span class='ocr_line' id='line_1_20' title="bbox 176 2029 2180 2124; baseline 0.006 -31"><span class='ocrx_word' id='word_1_137' title='bbox 176 2029 233 2094; x_wconf 88' lang='lat' dir='ltr'>in</span> <span class='ocrx_word' id='word_1_138' title='bbox 282 2033 531 2101; x_wconf 76' lang='lat' dir='ltr'>Timaeo</span> <span class='ocrx_word' id='word_1_139' title='bbox 552 2086 572 2120; x_wconf 93' lang='lat'>,</span> <span class='ocrx_word' id='word_1_140' title='bbox 638 2036 708 2102; x_wconf 88' lang='lat' dir='ltr'>in</span> <span class='ocrx_word' id='word_1_141' title='bbox 762 2035 938 2100; x_wconf 78' lang='lat' dir='ltr'>&#39;aliis</span> <span class='ocrx_word' id='word_1_142' title='bbox 973 2034 1257 2121; x_wconf 86' lang='lat' dir='ltr'>denique</span> <span class='ocrx_word' id='word_1_143' title='bbox 1310 2036 1576 2122; x_wconf 83' lang='lat' dir='ltr'>scriptis</span> <span class='ocrx_word' id='word_1_144' title='bbox 1642 2037 2063 2124; x_wconf 88' lang='lat' dir='ltr'>philosophi,</span> <span class='ocrx_word' id='word_1_145' title='bbox 2124 2042 2180 2105; x_wconf 88' lang='lat' dir='ltr'>si</span> 
     </span>
     <span class='ocr_line' id='line_1_21' title="bbox 180 2119 2180 2206; baseline 0.005 -27"><span class='ocrx_word' id='word_1_146' title='bbox 180 2137 367 2183; x_wconf 83' lang='lat' dir='ltr'>verum</span> <span class='ocrx_word' id='word_1_147' title='bbox 420 2121 827 2205; x_wconf 86' lang='lat' dir='ltr'>quaerimus,</span> <span class='ocrx_word' id='word_1_148' title='bbox 892 2119 1288 2206; x_wconf 74' lang='lat' dir='ltr'>proborum</span> <span class='ocrx_word' id='word_1_149' title='bbox 1328 2120 1646 2186; x_wconf 88' lang='lat' dir='ltr'>librorum</span> <span class='ocrx_word' id='word_1_150' title='bbox 1693 2122 1942 2188; x_wconf 85' lang='lat' dir='ltr'>ambitu</span> <span class='ocrx_word' id='word_1_151' title='bbox 1985 2126 2180 2189; x_wconf 86' lang='lat' dir='ltr'>etiam</span> 
     </span>
     <span class='ocr_line' id='line_1_22' title="bbox 184 2203 2180 2296; baseline 0.004 -32"><span class='ocrx_word' id='word_1_152' title='bbox 184 2203 358 2268; x_wconf 81' lang='lat' dir='ltr'>maior</span> <span class='ocrx_word' id='word_1_153' title='bbox 419 2217 705 2292; x_wconf 36' lang='lat' dir='ltr'>prostat*</span> <span class='ocrx_word' id='word_1_154' title='bbox 744 2206 939 2292; x_wconf 81' lang='lat' dir='ltr'>copia</span> <span class='ocrx_word' id='word_1_155' title='bbox 1009 2229 1234 2272; x_wconf 85' lang='lat' dir='ltr'>eorum</span> <span class='ocrx_word' id='word_1_156' title='bbox 1308 2207 1692 2291; x_wconf 86' lang='lat' dir='ltr'>verborum,</span> <span class='ocrx_word' id='word_1_157' title='bbox 1764 2230 1932 2292; x_wconf 86' lang='lat' dir='ltr'>quae</span> <span class='ocrx_word' id='word_1_158' title='bbox 2003 2208 2180 2296; x_wconf 89' lang='lat' dir='ltr'>apud</span> 
     </span>
     <span class='ocr_line' id='line_1_23' title="bbox 184 2283 2181 2379; baseline 0.005 -32"><span class='ocrx_word' id='word_1_159' title='bbox 184 2283 475 2356; x_wconf 83' lang='lat' dir='ltr'>Platonem</span> <span class='ocrx_word' id='word_1_160' title='bbox 540 2292 664 2359; x_wconf 81' lang='lat' dir='ltr'>aut</span> <span class='ocrx_word' id='word_1_161' title='bbox 734 2291 932 2357; x_wconf 85' lang='lat' dir='ltr'>semel</span> <span class='ocrx_word' id='word_1_162' title='bbox 970 2301 1266 2356; x_wconf 60' lang='lat' dir='ltr'>“tantum</span> <span class='ocrx_word' id='word_1_163' title='bbox 1342 2289 1657 2379; x_wconf 84' lang='lat' dir='ltr'>leguntur</span> <span class='ocrx_word' id='word_1_164' title='bbox 1731 2300 1845 2355; x_wconf 89' lang='lat' dir='ltr'>aut</span> <span class='ocrx_word' id='word_1_165' title='bbox 1913 2293 2181 2357; x_wconf 87' lang='lat' dir='ltr'>omnino</span> 
     </span>
     <span class='ocr_line' id='line_1_24' title="bbox 186 2375 2178 2463; baseline 0.004 -30"><span class='ocrx_word' id='word_1_166' title='bbox 186 2393 330 2437; x_wconf 79' lang='lat' dir='ltr'>nove</span> <span class='ocrx_word' id='word_1_167' title='bbox 374 2376 513 2443; x_wconf 84' lang='lat' dir='ltr'>fieta</span> <span class='ocrx_word' id='word_1_168' title='bbox 574 2388 777 2461; x_wconf 89' lang='lat' dir='ltr'>atque</span> <span class='ocrx_word' id='word_1_169' title='bbox 838 2396 1126 2463; x_wconf 85' lang='lat' dir='ltr'>procusa</span> <span class='ocrx_word' id='word_1_170' title='bbox 1184 2384 1359 2443; x_wconf 88' lang='lat' dir='ltr'>sunt.</span> <span class='ocrx_word' id='word_1_171' title='bbox 1449 2376 1780 2444; x_wconf 84' lang='lat' dir='ltr'>Nimirum</span> <span class='ocrx_word' id='word_1_172' title='bbox 1823 2375 1994 2441; x_wconf 82' lang='lat' dir='ltr'>vidit</span> <span class='ocrx_word' id='word_1_173' title='bbox 2034 2378 2178 2463; x_wconf 91' lang='lat' dir='ltr'>phi·</span> 
     </span>
     <span class='ocr_line' id='line_1_25' title="bbox 184 2453 2180 2549; baseline 0.006 -32"><span class='ocrx_word' id='word_1_174' title='bbox 184 2453 454 2544; x_wconf 85' lang='lat' dir='ltr'>losophus</span> <span class='ocrx_word' id='word_1_175' title='bbox 489 2465 895 2549; x_wconf 88' lang='lat' dir='ltr'>penitusque</span> <span class='ocrx_word' id='word_1_176' title='bbox 946 2464 1152 2527; x_wconf 83' lang='lat' dir='ltr'>sensit</span> <span class='ocrx_word' id='word_1_177' title='bbox 1198 2483 1443 2532; x_wconf 80' lang='lat' dir='ltr'>novum</span> <span class='ocrx_word' id='word_1_178' title='bbox 1469 2461 1806 2547; x_wconf 73' lang='lat' dir='ltr'>&#39;quodque</span> <span class='ocrx_word' id='word_1_179' title='bbox 1847 2461 2180 2528; x_wconf 88' lang='lat' dir='ltr'>scribendi</span> 
     </span>
     <span class='ocr_line' id='line_1_26' title="bbox 182 2544 2180 2633; baseline 0.004 -28"><span class='ocrx_word' id='word_1_180' title='bbox 182 2562 357 2627; x_wconf 88' lang='lat' dir='ltr'>genus</span> <span class='ocrx_word' id='word_1_181' title='bbox 408 2551 601 2614; x_wconf 88' lang='lat' dir='ltr'>etiam</span> <span class='ocrx_word' id='word_1_182' title='bbox 658 2568 833 2613; x_wconf 77' lang='lat' dir='ltr'>no‘va</span> <span class='ocrx_word' id='word_1_183' title='bbox 886 2548 1016 2613; x_wconf 87' lang='lat' dir='ltr'>sibi</span> <span class='ocrx_word' id='word_1_184' title='bbox 1061 2546 1421 2633; x_wconf 87' lang='lat' dir='ltr'>deposcere</span> <span class='ocrx_word' id='word_1_185' title='bbox 1470 2548 1833 2631; x_wconf 85' lang='lat' dir='ltr'>vocabula,</span> <span class='ocrx_word' id='word_1_186' title='bbox 1895 2544 2180 2633; x_wconf 91' lang='lat' dir='ltr'>ideoque</span> 
     </span>
     <span class='ocr_line' id='line_1_27' title="bbox 180 2628 2180 2719; baseline 0.006 -30"><span class='ocrx_word' id='word_1_187' title='bbox 180 2628 465 2699; x_wconf 83' lang='lat' dir='ltr'>scribendi</span> <span class='ocrx_word' id='word_1_188' title='bbox 504 2636 885 2701; x_wconf 84' lang='lat' dir='ltr'>libertatem</span> <span class='ocrx_word' id='word_1_189' title='bbox 926 2655 1113 2698; x_wconf 85' lang='lat' dir='ltr'>suam</span> <span class='ocrx_word' id='word_1_190' title='bbox 1178 2634 1352 2697; x_wconf 88' lang='lat' dir='ltr'>intra</span> <span class='ocrx_word' id='word_1_191' title='bbox 1396 2643 1720 2719; x_wconf 83' lang='lat' dir='ltr'>angustos</span> <span class='ocrx_word' id='word_1_192' title='bbox 1767 2634 1928 2699; x_wconf 88' lang='lat' dir='ltr'>certi</span> <span class='ocrx_word' id='word_1_193' title='bbox 1975 2633 2180 2700; x_wconf 90' lang='lat' dir='ltr'>alicu-</span> 
     </span>
     <span class='ocr_line' id='line_1_28' title="bbox 178 2711 1926 2803; baseline 0.005 -27"><span class='ocrx_word' id='word_1_194' title='bbox 178 2711 264 2778; x_wconf 88' lang='lat' dir='ltr'>ius</span> <span class='ocrx_word' id='word_1_195' title='bbox 300 2722 604 2786; x_wconf 86' lang='lat' dir='ltr'>sermonis</span> <span class='ocrx_word' id='word_1_196' title='bbox 643 2720 707 2785; x_wconf 91' lang='lat' dir='ltr'>le</span> <span class='ocrx_word' id='word_1_197' title='bbox 757 2742 829 2785; x_wconf 89' lang='lat' dir='ltr'>es</span> <span class='ocrx_word' id='word_1_198' title='bbox 872 2727 1071 2803; x_wconf 88' lang='lat' dir='ltr'>atque</span> <span class='ocrx_word' id='word_1_199' title='bbox 1116 2717 1282 2784; x_wconf 71' lang='lat' dir='ltr'>finet-</span> <span class='ocrx_word' id='word_1_200' title='bbox 1328 2720 1653 2784; x_wconf 87' lang='lat' dir='ltr'>contineri</span> <span class='ocrx_word' id='word_1_201' title='bbox 1695 2718 1926 2785; x_wconf 89' lang='lat' dir='ltr'>noluit.</span> 
     </span>
    </p>
   </div>
   <div class='ocr_carea' id='block_1_5' title="bbox 321 2800 2290 2903">
    <p class='ocr_par' dir='ltr' id='par_1_5' title="bbox 321 2800 2290 2903">
     <span class='ocr_line' id='line_1_29' title="bbox 321 2800 2290 2903; baseline 0.002 -38"><span class='ocrx_word' id='word_1_202' title='bbox 321 2800 481 2870; x_wconf 80' lang='lat' dir='ltr'>Iam.</span> <span class='ocrx_word' id='word_1_203' title='bbox 507 2828 671 2871; x_wconf 84' lang='lat' dir='ltr'>vero</span> <span class='ocrx_word' id='word_1_204' title='bbox 772 2805 832 2869; x_wconf 87' lang='lat' dir='ltr'>is</span> <span class='ocrx_word' id='word_1_205' title='bbox 888 2810 1225 2887; x_wconf 82' lang='lat' dir='ltr'>utcunque</span> <span class='ocrx_word' id='word_1_206' title='bbox 1280 2802 1658 2869; x_wconf 89' lang='lat' dir='ltr'>dilucidatis</span> <span class='ocrx_word' id='word_1_207' title='bbox 1691 2805 2052 2903; x_wconf 39' lang='lat' dir='ltr'>‘pergimus</span> <span class='ocrx_word' id='word_1_208' title='bbox 2093 2804 2178 2869; x_wconf 87' lang='lat' dir='ltr'>ad</span> <span class='ocrx_word' id='word_1_209' title='bbox 2287 2803 2290 2817; x_wconf 92' lang='lat'>&#39;</span> 
     </span>
    </p>
   </div>
   <div class='ocr_carea' id='block_1_6' title="bbox 173 2889 2178 3675">
    <p class='ocr_par' dir='ltr' id='par_1_6' title="bbox 173 2889 2178 3675">
     <span class='ocr_line' id='line_1_30' title="bbox 178 2889 2178 2975; baseline 0.005 -29"><span class='ocrx_word' id='word_1_210' title='bbox 178 2902 244 2948; x_wconf 84' lang='lat' dir='ltr'>ea</span> <span class='ocrx_word' id='word_1_211' title='bbox 277 2892 619 2973; x_wconf 82' lang='lat' dir='ltr'>vocabula,</span> <span class='ocrx_word' id='word_1_212' title='bbox 671 2889 745 2954; x_wconf 88' lang='lat' dir='ltr'>in</span> <span class='ocrx_word' id='word_1_213' title='bbox 792 2909 1077 2973; x_wconf 87' lang='lat' dir='ltr'>quorum</span> <span class='ocrx_word' id='word_1_214' title='bbox 1134 2890 1346 2955; x_wconf 86' lang='lat' dir='ltr'>forma</span> <span class='ocrx_word' id='word_1_215' title='bbox 1402 2910 1480 2955; x_wconf 79' lang='lat' dir='ltr'>ac</span> <span class='ocrx_word' id='word_1_216' title='bbox 1525 2911 1748 2975; x_wconf 78' lang='lat' dir='ltr'>specie</span> <span class='ocrx_word' id='word_1_217' title='bbox 1792 2890 2178 2955; x_wconf 87' lang='lat' dir='ltr'>Zellerus</span> 
     </span>
     <span class='ocr_line' id='line_1_31' title="bbox 176 2966 2178 3061; baseline -0.001 -22"><span class='ocrx_word' id='word_1_218' title='bbox 176 2966 210 3030; x_wconf 91' lang='lat' dir='ltr'>l·</span> <span class='ocrx_word' id='word_1_219' title='bbox 246 2992 294 3039; x_wconf 81' lang='lat' dir='ltr'>c.</span> <span class='ocrx_word' id='word_1_220' title='bbox 336 2998 394 3061; x_wconf 86' lang='lat' dir='ltr'>p.</span> <span class='ocrx_word' id='word_1_221' title='bbox 438 2979 540 3043; x_wconf 82' lang='lat'>85.</span> <span class='ocrx_word' id='word_1_222' title='bbox 588 2998 687 3061; x_wconf 88' lang='lat' dir='ltr'>sq.</span> <span class='ocrx_word' id='word_1_223' title='bbox 732 2974 875 3039; x_wconf 87' lang='lat' dir='ltr'>sibi</span> <span class='ocrx_word' id='word_1_224' title='bbox 903 2972 1168 3038; x_wconf 86' lang='lat' dir='ltr'>videtur</span> <span class='ocrx_word' id='word_1_225' title='bbox 1210 2973 1465 3059; x_wconf 86' lang='lat' dir='ltr'>aliquid</span> <span class='ocrx_word' id='word_1_226' title='bbox 1509 2976 1609 3039; x_wconf 91' lang='lat' dir='ltr'>sin</span> <span class='ocrx_word' id='word_1_227' title='bbox 1661 2972 1840 3039; x_wconf 79' lang='lat' dir='ltr'>ulare</span> <span class='ocrx_word' id='word_1_228' title='bbox 1884 2973 2178 3039; x_wconf 87' lang='lat' dir='ltr'>animad-</span> 
     </span>
     <span class='ocr_line' id='line_1_32' title="bbox 176 3058 2176 3146; baseline 0 -25"><span class='ocrx_word' id='word_1_229' title='bbox 176 3058 450 3145; x_wconf 78' lang='lat' dir='ltr'>vertisse,</span> <span class='ocrx_word' id='word_1_230' title='bbox 508 3063 607 3127; x_wconf 87' lang='lat' dir='ltr'>ita</span> <span class='ocrx_word' id='word_1_231' title='bbox 664 3069 740 3125; x_wconf 88' lang='lat' dir='ltr'>ut</span> <span class='ocrx_word' id='word_1_232' title='bbox 794 3058 951 3128; x_wconf 87' lang='lat' dir='ltr'>inde</span> <span class='ocrx_word' id='word_1_233' title='bbox 996 3081 1263 3144; x_wconf 89' lang='lat' dir='ltr'>quoque</span> <span class='ocrx_word' id='word_1_234' title='bbox 1307 3062 1526 3146; x_wconf 88' lang='lat' dir='ltr'>operis</span> <span class='ocrx_word' id='word_1_235' title='bbox 1569 3059 1624 3121; x_wconf 89' lang='lat' dir='ltr'>P</span> <span class='ocrx_word' id='word_1_236' title='bbox 1653 3060 1898 3123; x_wconf 89' lang='lat' dir='ltr'>atonici</span> <span class='ocrx_word' id='word_1_237' title='bbox 1943 3081 2057 3123; x_wconf 90' lang='lat' dir='ltr'>sus</span> <span class='ocrx_word' id='word_1_238' title='bbox 2110 3079 2176 3121; x_wconf 91' lang='lat' dir='ltr'>e-</span> 
     </span>
     <span class='ocr_line' id='line_1_33' title="bbox 176 3142 2177 3233; baseline -0 -27"><span class='ocrx_word' id='word_1_239' title='bbox 176 3144 366 3209; x_wconf 81' lang='lat' dir='ltr'>ctandi</span> <span class='ocrx_word' id='word_1_240' title='bbox 418 3154 807 3233; x_wconf 84' lang='lat' dir='ltr'>argumenta</span> <span class='ocrx_word' id='word_1_241' title='bbox 879 3144 1288 3213; x_wconf 86' lang='lat' dir='ltr'>desumserit.</span> <span class='ocrx_word' id='word_1_242' title='bbox 1416 3145 1523 3208; x_wconf 92' lang='lat' dir='ltr'>De</span> <span class='ocrx_word' id='word_1_243' title='bbox 1595 3144 1838 3229; x_wconf 88' lang='lat' dir='ltr'>quibus</span> <span class='ocrx_word' id='word_1_244' title='bbox 1912 3142 2024 3227; x_wconf 89' lang='lat' dir='ltr'>qui</span> <span class='ocrx_word' id='word_1_245' title='bbox 2075 3157 2177 3205; x_wconf 82' lang='lat' dir='ltr'>em</span> 
     </span>
     <span class='ocr_line' id='line_1_34' title="bbox 174 3220 2176 3317; baseline 0.003 -31"><span class='ocrx_word' id='word_1_246' title='bbox 174 3220 403 3295; x_wconf 83' lang='lat' dir='ltr'>brevior</span> <span class='ocrx_word' id='word_1_247' title='bbox 454 3233 583 3297; x_wconf 90' lang='lat' dir='ltr'>erit</span> <span class='ocrx_word' id='word_1_248' title='bbox 636 3229 1023 3317; x_wconf 85' lang='lat' dir='ltr'>disputatio,</span> <span class='ocrx_word' id='word_1_249' title='bbox 1070 3227 1605 3315; x_wconf 85' lang='lat' dir='ltr'>quandoquidem</span> <span class='ocrx_word' id='word_1_250' title='bbox 1647 3236 1804 3315; x_wconf 87' lang='lat' dir='ltr'>post</span> <span class='ocrx_word' id='word_1_251' title='bbox 1849 3248 1958 3310; x_wconf 89' lang='lat' dir='ltr'>ea,</span> <span class='ocrx_word' id='word_1_252' title='bbox 2009 3250 2176 3313; x_wconf 90' lang='lat' dir='ltr'>quae</span> 
     </span>
     <span class='ocr_line' id='line_1_35' title="bbox 175 3312 2178 3405; baseline 0.003 -33"><span class='ocrx_word' id='word_1_253' title='bbox 175 3312 341 3380; x_wconf 89' lang='lat' dir='ltr'>modo</span> <span class='ocrx_word' id='word_1_254' title='bbox 392 3316 855 3405; x_wconf 85' lang='lat' dir='ltr'>exposuimus,</span> <span class='ocrx_word' id='word_1_255' title='bbox 918 3336 1051 3379; x_wconf 89' lang='lat' dir='ltr'>una</span> <span class='ocrx_word' id='word_1_256' title='bbox 1132 3315 1493 3400; x_wconf 85' lang='lat' dir='ltr'>eademque</span> <span class='ocrx_word' id='word_1_257' title='bbox 1565 3335 1767 3400; x_wconf 86' lang='lat' dir='ltr'>opera</span> <span class='ocrx_word' id='word_1_258' title='bbox 1833 3312 2178 3379; x_wconf 87' lang='lat' dir='ltr'>ostendere</span> 
     </span>
     <span class='ocr_line' id='line_1_36' title="bbox 173 3390 2178 3488; baseline 0.003 -29"><span class='ocrx_word' id='word_1_259' title='bbox 173 3390 397 3482; x_wconf 80' lang='lat' dir='ltr'>licebit,</span> <span class='ocrx_word' id='word_1_260' title='bbox 452 3426 535 3467; x_wconf 90' lang='lat' dir='ltr'>ea</span> <span class='ocrx_word' id='word_1_261' title='bbox 588 3424 712 3467; x_wconf 89' lang='lat' dir='ltr'>nec</span> <span class='ocrx_word' id='word_1_262' title='bbox 768 3396 1192 3488; x_wconf 87' lang='lat' dir='ltr'>grammatice</span> <span class='ocrx_word' id='word_1_263' title='bbox 1250 3424 1371 3465; x_wconf 90' lang='lat' dir='ltr'>nec</span> <span class='ocrx_word' id='word_1_264' title='bbox 1430 3398 1758 3463; x_wconf 89' lang='lat' dir='ltr'>rhetorice</span> <span class='ocrx_word' id='word_1_265' title='bbox 1800 3400 1935 3465; x_wconf 89' lang='lat' dir='ltr'>ullo</span> <span class='ocrx_word' id='word_1_266' title='bbox 1979 3397 2178 3465; x_wconf 90' lang='lat' dir='ltr'>modo</span> 
     </span>
     <span class='ocr_line' id='line_1_37' title="bbox 174 3484 2176 3575; baseline 0.004 -33"><span class='ocrx_word' id='word_1_267' title='bbox 174 3500 298 3547; x_wconf 87' lang='lat' dir='ltr'>esse</span> <span class='ocrx_word' id='word_1_268' title='bbox 347 3486 571 3575; x_wconf 87' lang='lat' dir='ltr'>inepta</span> <span class='ocrx_word' id='word_1_269' title='bbox 628 3495 743 3551; x_wconf 85' lang='lat' dir='ltr'>aut</span> <span class='ocrx_word' id='word_1_270' title='bbox 798 3486 1085 3551; x_wconf 84' lang='lat' dir='ltr'>inficeta.</span> <span class='ocrx_word' id='word_1_271' title='bbox 1190 3484 1593 3551; x_wconf 85' lang='lat' dir='ltr'>Observavit</span> <span class='ocrx_word' id='word_1_272' title='bbox 1643 3494 1860 3549; x_wconf 87' lang='lat' dir='ltr'>autem</span> <span class='ocrx_word' id='word_1_273' title='bbox 1907 3486 2176 3551; x_wconf 88' lang='lat' dir='ltr'>criticus</span> 
     </span>
     <span class='ocr_line' id='line_1_38' title="bbox 173 3566 2178 3675; baseline 0.003 -45"><span class='ocrx_word' id='word_1_274' title='bbox 173 3566 417 3649; x_wconf 85' lang='lat' dir='ltr'>primum</span> <span class='ocrx_word' id='word_1_275' title='bbox 472 3574 541 3638; x_wconf 89' lang='lat' dir='ltr'>in</span> <span class='ocrx_word' id='word_1_276' title='bbox 601 3573 781 3637; x_wconf 89' lang='lat' dir='ltr'>unis·</span> <span class='ocrx_word' id='word_1_277' title='bbox 818 3572 1117 3659; x_wconf 87' lang='lat' dir='ltr'>Legibus</span> <span class='ocrx_word' id='word_1_278' title='bbox 1184 3592 1223 3635; x_wconf 84' lang='lat' dir='ltr'>a</span> <span class='ocrx_word' id='word_1_279' title='bbox 1290 3570 1568 3634; x_wconf 89' lang='lat' dir='ltr'>Platone</span> <span class='ocrx_word' id='word_1_280' title='bbox 1637 3579 1958 3675; x_wconf 68' lang='lat' dir='ltr'>usurpata</span> <span class='ocrx_word' id='word_1_281' title='bbox 2033 3592 2178 3637; x_wconf 86' lang='lat' dir='ltr'>esse</span> 
     </span>
    </p>
   </div>
   <div class='ocr_carea' id='block_1_7' title="bbox 172 3650 2302 3761">
    <p class='ocr_par' dir='ltr' id='par_1_7' title="bbox 172 3650 2302 3761">
     <span class='ocr_line' id='line_1_39' title="bbox 172 3650 2302 3761; baseline 0.002 -44"><span class='ocrx_word' id='word_1_282' title='bbox 172 3650 398 3755; x_wconf 43' lang='grc' dir='ltr'><strong><em>βλάβος</em></strong></span> <span class='ocrx_word' id='word_1_283' title='bbox 436 3679 559 3746; x_wconf 89' lang='lat' dir='ltr'>pro</span> <span class='ocrx_word' id='word_1_284' title='bbox 602 3654 847 3742; x_wconf 70' lang='grc' dir='ltr'><strong><em>βλάβη,</em></strong></span> <span class='ocrx_word' id='word_1_285' title='bbox 892 3660 1090 3741; x_wconf 77' lang='grc' dir='ltr'><strong><em>ἄβιος</em></strong></span> <span class='ocrx_word' id='word_1_286' title='bbox 1131 3678 1252 3761; x_wconf 75' lang='lat' dir='ltr'>prp</span> <span class='ocrx_word' id='word_1_287' title='bbox 1293 3655 1609 3739; x_wconf 80' lang='grc' dir='ltr'><strong><em>ἀβίωτος,</em></strong></span> <span class='ocrx_word' id='word_1_288' title='bbox 1652 3656 2014 3743; x_wconf 82' lang='grc' dir='ltr'><em>ἀχαριστος</em></span> <span class='ocrx_word' id='word_1_289' title='bbox 2055 3678 2176 3742; x_wconf 90' lang='lat' dir='ltr'>pro</span> <span class='ocrx_word' id='word_1_290' title='bbox 2297 3722 2302 3736; x_wconf 55' lang='grc'><strong>,</strong></span> 
     </span>
    </p>
   </div>
   <div class='ocr_carea' id='block_1_8' title="bbox 172 3738 2276 4255">
    <p class='ocr_par' dir='ltr' id='par_1_8' title="bbox 172 3738 2276 4255">
     <span class='ocr_line' id='line_1_40' title="bbox 172 3738 2178 3829; baseline 0 -24"><span class='ocrx_word' id='word_1_291' title='bbox 172 3758 211 3797; x_wconf 78' lang='grc' dir='ltr'><strong><em>α</em></strong></span> <span class='ocrx_word' id='word_1_292' title='bbox 243 3764 396 3825; x_wconf 79' lang='grc' dir='ltr'><strong><em>αρις,</em></strong></span> <span class='ocrx_word' id='word_1_293' title='bbox 438 3742 742 3818; x_wconf 76' lang='grc' dir='ltr'><strong><em>ὃούλειος</em></strong></span> <span class='ocrx_word' id='word_1_294' title='bbox 785 3766 904 3829; x_wconf 89' lang='lat' dir='ltr'>pro</span> <span class='ocrx_word' id='word_1_295' title='bbox 953 3746 1291 3824; x_wconf 75' lang='grc' dir='ltr'><strong><em>δουλικος,</em></strong></span> <span class='ocrx_word' id='word_1_296' title='bbox 1334 3743 1634 3817; x_wconf 77' lang='grc' dir='ltr'><strong><em>παίδειος</em></strong></span> <span class='ocrx_word' id='word_1_297' title='bbox 1676 3764 1797 3827; x_wconf 88' lang='lat' dir='ltr'>pro</span> <span class='ocrx_word' id='word_1_298' title='bbox 1842 3738 2178 3823; x_wconf 79' lang='grc' dir='ltr'><em>παιδικός,</em></span> 
     </span>
     <span class='ocr_line' id='line_1_41' title="bbox 173 3824 2276 3916; baseline -0.002 -24"><span class='ocrx_word' id='word_1_299' title='bbox 173 3824 418 3909; x_wconf 46' lang='lat' dir='ltr'>{arpeo}</span> <span class='ocrx_word' id='word_1_300' title='bbox 474 3853 595 3916; x_wconf 91' lang='lat' dir='ltr'>pro</span> <span class='ocrx_word' id='word_1_301' title='bbox 653 3830 1081 3913; x_wconf 68' lang='grc' dir='ltr'><strong><em>ὲξαγριαίνω,</em></strong></span> <span class='ocrx_word' id='word_1_302' title='bbox 1146 3828 1446 3913; x_wconf 82' lang='grc' dir='ltr'><strong><em>ἱλεοῦμαι</em></strong></span> <span class='ocrx_word' id='word_1_303' title='bbox 1485 3850 1608 3914; x_wconf 91' lang='lat' dir='ltr'>pro</span> <span class='ocrx_word' id='word_1_304' title='bbox 1653 3826 2053 3911; x_wconf 79' lang='grc' dir='ltr'><em>ἱλάσκομαι,</em></span> <span class='ocrx_word' id='word_1_305' title='bbox 2111 3833 2181 3888; x_wconf 87' lang='lat' dir='ltr'>et</span> <span class='ocrx_word' id='word_1_306' title='bbox 2257 3859 2276 3867; x_wconf 83' lang='lat'>-</span> 
     </span>
     <span class='ocr_line' id='line_1_42' title="bbox 179 3903 2176 4007; baseline 0.001 -38"><span class='ocrx_word' id='word_1_307' title='bbox 179 3903 337 3977; x_wconf 85' lang='lat' dir='ltr'>Libr.</span> <span class='ocrx_word' id='word_1_308' title='bbox 369 3911 492 3979; x_wconf 93' lang='lat' dir='ltr'>IX.</span> <span class='ocrx_word' id='word_1_309' title='bbox 538 3937 605 4000; x_wconf 81' lang='lat' dir='ltr'>p.</span> <span class='ocrx_word' id='word_1_310' title='bbox 651 3915 799 3980; x_wconf 83' lang='lat'><strong>933.</strong></span> <span class='ocrx_word' id='word_1_311' title='bbox 828 3912 908 3978; x_wconf 82' lang='lat' dir='ltr'>E.</span> <span class='ocrx_word' id='word_1_312' title='bbox 946 3910 1438 4002; x_wconf 80' lang='grc' dir='ltr'><em>σωφρονιστύς,</em></span> <span class='ocrx_word' id='word_1_313' title='bbox 1483 3934 1721 3978; x_wconf 89' lang='lat' dir='ltr'>corre</span> <span class='ocrx_word' id='word_1_314' title='bbox 1741 3912 1952 3994; x_wconf 90' lang='lat' dir='ltr'>ctio,</span> <span class='ocrx_word' id='word_1_315' title='bbox 1999 3908 2176 4007; x_wconf 74' lang='lat' dir='ltr'>quod</span> 
     </span>
     <span class='ocr_line' id='line_1_43' title="bbox 176 3996 2174 4084; baseline -0.003 -23"><span class='ocrx_word' id='word_1_316' title='bbox 176 4002 261 4057; x_wconf 76' lang='lat' dir='ltr'>est</span> <span class='ocrx_word' id='word_1_317' title='bbox 323 3997 639 4067; x_wconf 86' lang='lat' dir='ltr'>Ionicum.</span> <span class='ocrx_word' id='word_1_318' title='bbox 752 4000 973 4065; x_wconf 84' lang='lat' dir='ltr'>Acute</span> <span class='ocrx_word' id='word_1_319' title='bbox 1029 4021 1189 4065; x_wconf 80' lang='lat' dir='ltr'>vero</span> <span class='ocrx_word' id='word_1_320' title='bbox 1228 4008 1430 4084; x_wconf 85' lang='lat' dir='ltr'>atque</span> <span class='ocrx_word' id='word_1_321' title='bbox 1499 3996 1694 4075; x_wconf 85' lang='lat' dir='ltr'>docte</span> <span class='ocrx_word' id='word_1_322' title='bbox 1750 3997 1880 4061; x_wconf 88' lang='lat' dir='ltr'>ista</span> <span class='ocrx_word' id='word_1_323' title='bbox 1937 4014 2174 4057; x_wconf 87' lang='lat' dir='ltr'>omma.</span> 
     </span>
     <span class='ocr_line' id='line_1_44' title="bbox 176 4072 2177 4177; baseline 0 -33"><span class='ocrx_word' id='word_1_324' title='bbox 176 4072 292 4144; x_wconf 88' lang='lat' dir='ltr'>Sed</span> <span class='ocrx_word' id='word_1_325' title='bbox 317 4084 469 4167; x_wconf 86' lang='lat' dir='ltr'>quid</span> <span class='ocrx_word' id='word_1_326' title='bbox 509 4084 708 4151; x_wconf 79' lang='lat' dir='ltr'>inde?</span> <span class='ocrx_word' id='word_1_327' title='bbox 797 4084 1125 4151; x_wconf 83' lang='lat' dir='ltr'>Nimirum</span> <span class='ocrx_word' id='word_1_328' title='bbox 1173 4083 1334 4149; x_wconf 88' lang='lat' dir='ltr'>haec</span> <span class='ocrx_word' id='word_1_329' title='bbox 1359 4082 1686 4148; x_wconf 80' lang='lat' dir='ltr'>vocabula</span> <span class='ocrx_word' id='word_1_330' title='bbox 1731 4080 1948 4177; x_wconf 64' lang='lat' dir='ltr'>omnia</span> <span class='ocrx_word' id='word_1_331' title='bbox 1974 4100 2177 4162; x_wconf 88' lang='lat' dir='ltr'>quum</span> 
     </span>
     <span class='ocr_line' id='line_1_45' title="bbox 176 4166 2178 4255; baseline -0 -23"><span class='ocrx_word' id='word_1_332' title='bbox 176 4182 274 4244; x_wconf 75' lang='lat' dir='ltr'>per</span> <span class='ocrx_word' id='word_1_333' title='bbox 309 4189 377 4232; x_wconf 88' lang='lat' dir='ltr'>se</span> <span class='ocrx_word' id='word_1_334' title='bbox 416 4171 622 4255; x_wconf 87' lang='lat' dir='ltr'>proba</span> <span class='ocrx_word' id='word_1_335' title='bbox 666 4171 803 4236; x_wconf 85' lang='lat' dir='ltr'>sint</span> <span class='ocrx_word' id='word_1_336' title='bbox 840 4181 1039 4253; x_wconf 85' lang='lat' dir='ltr'>atque</span> <span class='ocrx_word' id='word_1_337' title='bbox 1082 4178 1290 4253; x_wconf 84' lang='lat' dir='ltr'>casta,</span> <span class='ocrx_word' id='word_1_338' title='bbox 1331 4190 1550 4251; x_wconf 80' lang='lat' dir='ltr'>neque</span> <span class='ocrx_word' id='word_1_339' title='bbox 1595 4166 1680 4233; x_wconf 80' lang='lat' dir='ltr'>ab</span> <span class='ocrx_word' id='word_1_340' title='bbox 1711 4173 1974 4251; x_wconf 75' lang='lat' dir='ltr'>optimis</span> <span class='ocrx_word' id='word_1_341' title='bbox 2015 4166 2178 4231; x_wconf 87' lang='lat' dir='ltr'>scri—</span> 
     </span>
    </p>
   </div>
  </div>
 </body>
</html>
