2857 4738
626 325 723 394 LI
738 327 795 392 V
1282 316 2018 388 PROLEGOMENA

622 493 1065 584 philosophis,
1112 493 1230 560 sed
1276 517 1317 558 a
1360 492 1622 560 civibus
1667 484 2100 579 prudentibus
2145 498 2214 570 et
2257 485 2712 550 mediocriter
2747 473 2756 481 ’

624 580 899 647 eruditis
942 581 1458 667 gubernaretur,
1522 578 1770 665 quippe
1816 598 2017 660 quum
2061 574 2193 662 ipsi
2234 573 2457 658 legum
2503 572 2703 658 sapi-

624 666 803 732 entia
843 666 1027 732 velut
1082 666 1496 732 extrinsecus
1555 671 2105 730 sustentarentur.
2197 658 2408 726 Senes
2455 668 2698 722 autem

624 751 807 838 quod
862 752 1209 836 loquentes
1270 750 1572 833 induxit,
1641 745 2148 836 prudentissime
2177 795 2184 802 .
2213 745 2344 810 ista
2419 743 2698 808 ratione

624 835 1028 938 significavit
1088 836 1176 902 ad
1228 836 1686 923 gravissimum
1757 832 2046 898 civitatis
2111 831 2448 928 sapienter
2519 849 2692 893 con-

624 921 997 990 stituendae
1056 930 1124 985 et
1164 922 1399 1008 ,legum
1447 919 1862 986 ferendarum
1919 939 2002 981 ne
2052 917 2255 982 otium
2301 925 2530 999 utique
2581 937 2694 978 re-

626 1008 798 1093 quiri
856 1006 1273 1093 prudentiam
1330 1015 1532 1090 atque
1589 1003 1978 1090 sapientiam
2057 1025 2231 1066 onero
2289 1023 2506 1066 rerum
2551 1021 2692 1064 usu

626 1093 1011 1175 collectam,
1077 1091 1378 1176 adeoque
1441 1090 1850 1157 subobscure
1932 1057 2266 1173 prodidit,
2321 1084 2501 1172 quod
2549 1085 2688 1148 iam

626 1185 883 1243 veteres
944 1178 1264 1264 suspicati
1322 1185 1513 1258 sunt,
1577 1182 1786 1241 semet
1824 1174 2044 1256 ipsum
2089 1195 2308 1238 senem
2353 1171 2686 1257 amplissi-

626 1287 801 1328 mum
838 1261 929 1339 ‚de
978 1263 1273 1350 Legibus
1318 1263 1512 1349 opus‘
1541 1260 1825 1327 condere
1869 1257 2254 1323 instituisse.
2343 1257 2523 1321 Hinc
2567 1269 2693 1322 v‘e-

626 1372 701 1415 ro
776 1349 906 1414 alia
972 1371 1200 1416 rursus
1274 1359 1422 1413 orta
1479 1355 1580 1412 est
1641 1345 2015 1434 proprietas
2069 1342 2376 1408 dictionis
2449 1343 2522 1406 in
2600 1363 2686 1408 eo

626 1444 1008 1522 usurpatae.
1100 1434 1273 1500 Nam
1332 1431 1623 1500 studium
1685 1429 1866 1496 istud
1909 1451 2020 1494 res
2061 1451 2194 1494 non
2239 1427 2570 1496 subtiliter
2615 1437 2690 1493 et

628 1529 822 1586 acute
870 1519 989 1586 sed
1033 1519 1440 1606 populariter
1483 1527 1550 1582 et
1593 1516 1679 1582 ad
1723 1535 2101 1582 communes
2149 1513 2486 1598 hominum
2530 1536 2688 1578 sen·

628 1627 743 1672 sus
814 1603 1305 1671 accommodate
1365 1600 1693 1667 tractandi
1759 1600 2018 1686 peperit
2075 1622 2234 1664 sane
2293 1599 2684 1664 insolentio-

628 1697 765 1756 r‘em
826 1689 1159 1775 quandam
1209 1688 1548 1753 ·orationis
1619 1686 2106 1772 simplicitatem
2182 1709 2222 1748 a
2294 1684 2684 1771 philosophi

628 1775 881 1842 ratione
946 1775 1103 1841 alibi
1168 1791 1484 1860 expressa
1545 1796 1676 1838 non
1739 1771 2003 1856 quidem
2061 1770 2254 1854 plane
2318 1769 2684 1840 abhorren-

628 1870 799 1943 tem,
860 1858 979 1926 sed
1036 1869 1257 1925 tamen
1314 1857 1717 1924 alieniorem.
1805 1855 2125 1924 Senilium
2169 1863 2384 1920 autem
2431 1879 2682 1922 sermo-

630 1968 785 2010 num
872 1945 1149 2014 imitatio
1216 1944 1499 2013 orationi
1556 1941 1838 2010 subinde
1913 1941 2140 2006 attulit
2211 1942 2438 2006 neseio
2517 1941 2682 2025 quid
2795 1940 2802 1956 '

628 2032 737 2096 lan
833 2031 965 2098 oris
1028 2040 1099 2096 et
1154 2030 1343 2115 quasi
1370 2027 1816 2098 -lassitudinis
1861 2027 1963 2092 vel
2011 2026 2208 2092 etiam
2301 2027 2679 2112 rolixitatis,

628 2126 705 2182 ut
794 2116 1034 2201 enique
1080 2125 1288 2182 totum
1332 2136 1500 2203 opus
1547 2137 1758 2200 paene
1801 2112 2012 2180 senile
2057 2111 2218 2196 quid
2269 2135 2372 2177 am
2418 2113 2677 2179 referat.

630 2201 737 2267 Ex
794 2223 925 2287 quo
972 2202 1226 2285 evenit,
1279 2211 1353 2266 ut
1392 2201 1700 2286 quamvis
1743 2199 2090 2265 universae
2137 2197 2453 2263 orationis
2495 2199 2682 2264 color

628 2309 827 2354 sanus
884 2288 1008 2374 sit,
1066 2297 1285 2354 tamen
1338 2287 1826 2353 enuntiatorum
1885 2291 2214 2350 structura
2257 2292 2456 2366 atque
2501 2307 2678 2349 com·

542 2451 546 2456 ,
630 2374 875 2461 positio
932 2376 1239 2441 licentior
1293 2373 1598 2440 videatur
1643 2383 1709 2439 at
1759 2396 1840 2437 ue
1900 2379 2154 2458 gratam
2199 2368 2527 2455 quandam
2570 2368 2676 2435 vel

628 2460 910 2525 subinde
972 2461 1167 2525 etiam
1227 2460 1551 2543 ingratam
1611 2482 1741 2544 neg
1767 2456 2080 2544 igentiam
2136 2456 2380 2519 referat
2421 2454 2675 2521 studio·

630 2545 769 2609 sius
817 2545 1201 2629 quaesitam.
1290 2544 1621 2607 Nimirum
1648 2542 1776 2608 hoc
1821 2541 2088 2625 quidem
2134 2539 2308 2606 unde
2355 2541 2452 2605 ori
2505 2541 2676 2605 inem
2721 2606 2726 2609 .

626 2628 905 2693 traxerit
963 2638 1030 2692 et
1090 2627 1329 2713 quibus
1387 2628 1606 2691 causis
1669 2626 1790 2690 niti
1849 2624 2200 2690 dicendum
2246 2627 2368 2709 sit,
2427 2626 2449 2689 i
2543 2626 2675 2691 cla-

628 2713 765 2778 rius
808 2712 1213 2778 intellectum
1258 2711 1338 2775 iri
1370 2712 1785 2794 arbitramur,
1831 2711 1945 2776 ubi
1990 2709 2206 2776 adhuc
2237 2708 2674 2796 unum‘quid-

629 2796 781 2863 dam
838 2796 1530 2878 animadvertamus,
1589 2795 1764 2862 unde
1825 2796 2085 2883 Legum
2129 2796 2492 2861 orationem
2535 2820 2672 2862 cer-

628 2883 761 2949 tius
825 2881 1117 2949 iudicare
1176 2892 1371 2967 atque
1419 2882 1767 2947 aestimare
1807 2882 2087 2947 licuerit.
2179 2881 2462 2967 Scripsit
2504 2883 2671 2948 e'nim

628 2967 1102 3069 philosophus,
1159 2979 1237 3034 ut
1296 2968 1427 3043 alio
1489 2968 1636 3033 loco
1695 2968 2139 3048 ostendimuS,
2201 2991 2246 3032 ο,
2291 2990 2368 3032 us
2417 2968 2668 3055 Legum

626 3077 756 3119 iam
818 3058 1021 3121 senex
1084 3054 1355 3143 grandis
1414 3063 1628 3119 aetate
1686 3054 1898 3118 factus
1958 3074 2172 3137 neque
2231 2992 2396 3119 illud
2439 3062 2668 3139 utpote

629 3150 838 3205 morte
883 3157 1238 3229 oppressus
1267 3139 1596 3225 perpolire
1638 3139 1876 3223 potuit,
1925 3138 2100 3206 unde
2146 3148 2302 3223 post
2345 3140 2487 3204 eius
2531 3139 2667 3204 obi-

624 3234 767 3291 tum
810 3224 1070 3291 demum
1116 3249 1198 3291 ex
1238 3224 1451 3310 ipsius
1494 3222 1738 3290 tabulis
1765 3224 2266 3310 transscriptum
2309 3233 2378 3289 et
2415 3223 2483 3288 in
2528 3224 2667 3288 vul-

628 3331 755 3409 gus
812 3310 1063 3377 editum
1123 3319 1224 3375 est
1282 3333 1337 3373 a.
1384 3309 1695 3395 Philippo
1756 3307 2078 3395 OpuntiO.
2185 3309 2270 3374 Id
2315 3310 2495 3395 quod
2538 3332 2664 3374 non

628 3402 723 3459 ita
780 3394 987 3465 multo
1050 3403 1203 3479 post
1248 3394 1389 3461 eius
1437 3403 1752 3477 mortem,
1797 3417 1967 3479 quae
2010 3393 2244 3462 incidit
2284 3395 2353 3460 in
2401 3392 2665 3482 Olymp.

633 3481 777 3548 108.
828 3500 982 3566 ann.
1049 3484 1103 3547 l.
1164 3502 1278 3560 =
1336 3482 1482 3547 348.
1529 3503 1586 3548 a.
1649 3478 1807 3547 Chr.
1865 3503 1931 3544 n.
1977 3480 2222 3559 factum
2281 3480 2366 3546 sit
2403 3502 2663 3546 necesse

626 3570 751 3641 est,
822 3563 1357 3649 quandoquidem
1414 3564 1547 3632 iam
1603 3562 2070 3630 Isocrates,
2107 3564 2173 3628 in
2219 3566 2540 3631 Oratione
2581 3564 2661 3631 ad

626 3647 1002 3737 Philippum
1062 3649 1500 3716 Macedonem
1564 3650 1764 3715 missa
1808 3657 1871 3736 p.
1918 3651 2020 3713 93.
2069 3648 2172 3718 ed.
2215 3651 2501 3717 Bekker.
2549 3674 2661 3711 =

626 3760 690 3819 p.
738 3736 839 3801 84.
886 3734 963 3801 E.
1013 3732 1117 3799 ed.
1166 3734 1399 3821 Steph.
1449 3738 1509 3821 ξ.
1567 3738 1660 3803 12.
1704 3735 1962 3821 Legum
2006 3736 2255 3822 pariter
2276 3746 2494 3821 -atque
2540 3738 2659 3801 Po·

625 3819 805 3886 litiae
846 3820 1240 3886 mentionem
1280 3820 1537 3902 iniecit,
1581 3828 1776 3905 quam
1837 3820 2194 3885 orationem
2239 3820 2658 3907 compositam

628 3928 771 3971 esse
823 3904 1088 3993 Olymp.
1144 3909 1281 3972 108.
1333 3908 1391 3970 2.
1441 3945 1518 3954 -
1569 3908 1713 3971 346.
1761 3928 1819 3968 a.
1863 3903 2026 3971 Chr.
2075 3930 2135 3973 n.
2185 3930 2264 3971 ex
2307 3908 2520 3991 ipsius
2563 3930 2656 3971 ar-

626 4000 941 4077 gumento
969 3992 1376 4091 intelligitur.
1468 3991 1700 4075 Itaque
1728 4012 1842 4055 sus
1895 3991 2054 4055 icari
2101 4014 2260 4057 sane
2305 3992 2483 4075 licet,
2529 4002 2656 4057 tum

626 4078 985 4143 senectutis
1029 4077 1403 4143 tardltatem
1447 4075 1722 4141 moleste
1778 4100 1817 4141 o
1871 4076 2084 4141 ecisse
2129 4076 2380 4142 alienae
2423 4078 2652 4142 oratio-

626 4160 730 4227 nis
779 4162 1051 4249 eiusque
1111 4163 1302 4250 plane
1363 4163 1663 4251 insuetae⁷
1703 4162 2132 4248 expressioni‚
2180 4172 2256 4235 ut
2303 4184 2451 4227 vere
2499 4164 2656 4229 seni-
