2857 4738
599 327 836 395 XCVI
1243 326 1973 396 PROLEGOMENA

599 502 768 563 inter
830 522 898 563 se
960 498 1439 581 colloquentes,
1496 508 1572 562 ut
1616 520 1748 563 non
1806 499 2001 565 niodo
2062 498 2143 562 de
2204 499 2378 563 omni
2438 497 2661 585 legum

600 587 791 669 copia
875 596 940 647 et
1023 583 1340 649 varietate
1413 604 1767 669 earumque
1848 584 2214 649 rationibus
2290 584 2658 669 disputent,

601 692 824 735 verum
887 680 1056 734 etam
1119 669 1366 734 seniles
1427 690 1759 734 sermones
1805 692 1919 734 eos
1964 670 2350 751 instituant,
2398 670 2463 732 in
2508 670 2661 753 qui-

601 758 720 823 bus
776 756 1018 820 lenitas
1077 753 1399 839 quaedam
1460 765 1661 839 atque
1726 756 2168 839 tranquillitas
2230 778 2459 820 severa
2502 772 2657 841 gra·

600 844 802 907 vitate
859 850 1224 926 temperata
1278 852 1604 905 cernatur.
1725 840 1915 922 Quae
1992 839 2257 925 quidem
2332 840 2660 905 sermonis

599 928 811 991 forma
867 937 1066 1010 atque
1127 926 1386 1010 species
1448 934 1763 1009 quantum
1811 924 2072 992 diversa
2118 927 2219 991 sit·
2250 926 2332 990 ab
2373 926 2654 991 aliorum

599 1034 974 1076 sermonum
1039 1009 1533 1075 Platonicorum
1592 1012 1983 1093 rationibuS,
2044 1020 2283 1095 sponte
2352 1021 2655 1096 apparet.

605 1097 1004 1182 Intelligitur
1057 1119 1214 1160 vero
1271 1098 1466 1177 item,
1528 1118 1725 1179 quam
1776 1120 1855 1161 ea
1913 1097 1997 1161 ad
2040 1096 2487 1183 effingendum
2534 1118 2656 1159 na-

603 1196 748 1246 tura
791 1204 910 1247 sua
956 1181 1249 1246 difficilis
1305 1182 1543 1263 fuerit,
1604 1182 1987 1268 praesertim
2050 1183 2236 1263 seni,
2312 1206 2443 1246 non
2515 1204 2655 1245 am·

645 1267 770 1332 lius
845 1268 957 1332 illo
1030 1269 1269 1331 mentis
1345 1266 1727 1353 ingeniique
1799 1270 2025 1355 vigore
2100 1268 2411 1351 pollenti,
2484 1290 2652 1350 qua—

597 1292 678 1417 lis
754 1373 912 1416 sane
971 1352 1056 1415 ad
1115 1362 1368 1417 tantum
1438 1374 1673 1417 munus
1742 1354 1867 1417 rite
1935 1352 2405 1439 perficiendum
2478 1372 2653 1436 opus

597 1439 800 1502 fuisse
863 1437 1145 1503 videtur.
1268 1436 1451 1518 Quid
1508 1437 1713 1521 igitur
1774 1440 2041 1521 mirum,
2126 1438 2182 1503 si
2257 1438 2501 1525 passim
2576 1438 2653 1500 in

597 1522 895 1611 Legibus
962 1522 1399 1607 aequabilitas
1466 1523 1780 1589 orationis
1844 1525 1941 1589 ita
2030 1522 2478 1606 desideratur,
2568 1534 2655 1587 ut

599 1618 884 1695 cognata
927 1608 1284 1672 virtutibus
1330 1610 1493 1673 vitia
1536 1607 1822 1673 admissa
1866 1609 2044 1675 sint?
2131 1618 2233 1675 Ac
2277 1619 2653 1696 potueruut

598 1694 902 1780 profecto
956 1694 1118 1757 talia
1176 1693 1337 1757 vitia
1391 1703 1581 1757 tanto
1646 1694 1907 1759 facilius
1953 1696 2273 1780 irrepere,
2336 1695 2391 1758 si
2439 1716 2651 1758 senex

599 1778 885 1865 scriptor
973 1778 1408 1843 constituerat
1499 1788 1713 1843 totum
1795 1803 1964 1865 opus
2022 1782 2301 1865 primum
2369 1778 2654 1843 fundere

596 1864 905 1947 liberiuS,
973 1887 1050 1929 eo
1100 1862 1366 1947 quidem
1409 1864 1721 1947 consilio,
1770 1876 1844 1929 ut
1887 1875 2123 1949 postea
2166 1866 2419 1930 iteratis
2466 1866 2656 1929 curis.

597 1948 765 2013 illud
821 1950 1106 2032 limaret,
1185 1947 1598 2031 emendaret,
1682 1952 2061 2049 perpoliret.
2150 1951 2439 2035 ·Nempe
2514 1950 2653 2015 isto

597 2033 792 2099 modo
853 2035 1046 2099 facile
1104 2034 1248 2121 ipse
1292 2034 1416 2099 sibi
1464 2034 1774 2118 indulsit,
1835 2058 2004 2119 quae
2050 2036 2265 2101 minus
2306 2045 2652 2115 accurata,

595 2120 812 2185 minus
874 2120 1117 2205 polita,
1177 2121 1391 2185 minus
1438 2119 1725 2205 denique
1773 2133 1953 2186 recta
1996 2131 2191 2205 atque
2236 2122 2495 2193 sincera
2540 2144 2655 2185 es-

595 2214 775 2287 sent,
837 2204 1302 2270 emendaturus
1363 2216 1633 2291 postea,
1682 2228 1849 2289 quae
1892 2207 2170 2295 primum
2242 2206 2509 2271 liberius
2572 2206 2652 2271 in

590 2292 847 2356 litteras
907 2291 1259 2356 retulisset.
1348 2292 1747 2356 Remansere
1808 2302 2028 2358 autem
2082 2292 2213 2356 ista
2258 2291 2478 2357 omnia
2520 2314 2652 2377 po-

597 2386 772 2458 stea,
851 2376 1384 2461 quandoquidem
1465 2375 1585 2442 fati
1659 2376 2005 2464 iniquitate
2074 2378 2441 2465 prohibitus
2514 2389 2649 2458 est,

594 2461 945 2550 quominus
989 2463 1297 2527 universo
1341 2463 1529 2548 operi
1577 2472 1927 2528 extremam
1975 2464 2191 2528 limam
2238 2462 2651 2528 admoveret..

767 2579 913 2644 Nee
974 2603 1128 2644 vero
1187 2581 1379 2644 aliter
1439 2583 1758 2647 sentimus
1831 2583 1910 2648 de
1986 2584 2238 2648 caussis
2307 2582 2647 2646 liberioris

594 2687 671 2727 ac
728 2665 1229 2750 negligentioris
1291 2665 1712 2750 periodorum
1771 2679 2145 2734 structurae
2205 2678 2401 2751 atque
2447 2689 2646 2754 aspe-

593 2749 807 2812 ritatis
854 2748 1270 2834 illiuS,'quae
1317 2750 1423 2815 hic
1471 2759 1536 2814 et
1579 2751 1712 2817 illic
1756 2755 1824 2818 in
1868 2755 2072 2820 totius
2117 2753 2430 2818 orationis
2476 2775 2647 2816 con-

594 2833 980 2899 formatione
1040 2835 1346 2900 cernitur.
1453 2837 1710 2924 Nempe
1784 2839 2067 2905 coniecit
2138 2839 2334 2904 Plato
2410 2838 2644 2904 subito

595 2919 662 2982 in
723 2919 980 2984 chartas
1042 2921 1143 2984 vel
1207 2921 1400 2985 etiam
1447 2943 1634 2988 cerae
1680 2924 2010 2990 commisit
2053 2921 2222 3010 quae
2266 2921 2446 3009 apud
2490 2925 2643 2988 ani-

592 3026 766 3068 mum
827 3015 1298 3071 commentatus
1356 3018 1533 3090 erat,
1606 3007 1804 3092 idque
1878 3033 1955 3075 eo
2016 3009 2213 3074 modo
2272 3009 2467 3090 fecit,
2534 3020 2639 3092 ut,

591 3111 790 3172 quum
839 3114 1077 3155 novam
1119 3091 1452 3156 scribendi
1500 3096 1839 3158 materiam
1886 3091 2235 3160 sumsisset
2292 3093 2640 3159 difficilius

591 3175 1034 3258 tractandam,
1083 3185 1221 3240 tum
1269 3178 1465 3240 etiam
1526 3201 1893 3246 sermonem
1936 3180 2157 3262 talem,
2209 3179 2465 3264 qualem
2514 3201 2640 3244 an-

588 3268 692 3322 tea
737 3259 1307 3344 adumbravimuS,
1356 3263 1708 3330 artificiose
1755 3264 2073 3352 effingere
2120 3265 2433 3330 studeret.

762 3393 1094 3476 Quocirca
1143 3399 1350 3463 multa
1406 3400 1675 3486 scripsit
1730 3411 1959 3488 gratae
2002 3401 2363 3490 indulgens
2418 3403 2638 3488 negli-

587 3479 880 3565 gentiae3
928 3483 1132 3545 multa
1183 3484 1340 3548 item
1411 3485 1626 3551 minus
1669 3488 2005 3552 elaborata
2048 3487 2267 3565 dedi-t3
2340 3487 2637 3572 denique

587 3564 900 3630 nonnulla
944 3567 1138 3631 etiam
1183 3569 1398 3634 minus
1441 3571 1741 3638 sollerter
1830 3573 1991 3637 olita
2032 3573 2321 3658 reliquit.
2408 3572 2635 3655 Quale

588 3647 852 3747 quidem
911 3668 1076 3736 opus
1146 3674 1347 3735 quum
1419 3665 1655 3740 postea
1710 3658 1765 3722 P
1818 3657 2059 3745 ilippus
2120 3656 2459 3744 Opuntius
2514 3681 2631 3724 ac-

585 3744 869 3820 cepisset
924 3745 1122 3819 atque
1183 3735 1511 3803 edendum
1572 3744 1935 3825 statuisset,
2018 3745 2259 3808 factum
2304 3744 2401 3808 ita
2476 3765 2629 3810 esse

585 3818 934 3884 verisimile
979 3830 1105 3900 est,
1153 3831 1226 3884 ut
1271 3845 1348 3886 ea
1391 3831 1670 3902 tantum,
1716 3850 1884 3911 quae
1925 3829 2117 3914 plane
2165 3851 2395 3893 manca
2438 3828 2625 3893 vide-

583 3915 832 3985 rentur,
864 3904 1144 3969 subinde
1173 3907 1471 3992 expleret
1498 3922 1565 3975 et
1596 3913 2005 3991 emendaret3
2052 3914 2243 4000 ‘plera
2291 3936 2371 3978 ue
2401 3915 2627 3978 omnia

583 3999 838 4073 autem,
889 3990 968 4088 ‘si
1031 3990 1224 4055 modo
1287 3993 1443 4057 ferri
1502 4009 1812 4081 possent,
1893 4001 2139 4064 intacta
2193 4021 2263 4063 re
2291 4000 2620 4083 inqueret,

582 4083 764 4139 ratus
812 4075 1097 4158 scilieet,
1147 4099 1314 4161 opus
1360 4081 1595 4146 summi
1638 4083 2054 4169 philosophi,
2104 4085 2357 4150 'etiamsi
2402 4084 2621 4148 minus

581 4168 757 4221 esset
813 4159 897 4224 ad
953 4161 1422 4246 perfectionem
1480 4184 1693 4247 usque
1736 4165 2174 4250 elaboratum,
2235 4180 2453 4233 tamen
2520 4171 2624 4232 vel
