2857 4738
839 331 963 400 DE
1017 329 1432 404 LEGIBUS
1481 349 1603 398 etc.
1923 335 2210 400 XXVII

150 501 377 564 omnia
424 493 731 584 denique
785 500 870 563 ad
916 523 1115 567 unum
1162 502 1574 586 eundemque
1618 503 1814 571 finem
1841 505 2210 588 composita

145 596 209 650 et
254 584 345 649 ad
390 586 618 672 legem
663 587 964 670 unitatis,
1012 611 1207 672 quam
1252 587 1474 652 dicere
1505 589 1751 672 licebit,
1801 589 2209 654 conformata

144 693 293 735 esse
344 670 805 736 existimanda
850 673 1001 738 sint.
1092 673 1185 737 Et
1231 674 1383 756 quis
1431 685 1532 737 est
1577 675 1733 756 quin
1774 675 2096 738 rationem
2141 684 2210 738 et

147 757 358 839 viam,
427 780 569 839 qua
612 757 724 832 „ita
769 758 1013 822 factum
1059 768 1193 841 est,
1239 759 1414 826 ultro
1461 758 1777 844 largiatur
1818 759 2014 842 plane
2061 781 2206 824 esse

142 840 617 906 Platonicam?
719 842 985 906 Etenim
1046 853 1147 908 est
1190 853 1370 908 certe
1415 867 1629 908 rerum
1674 844 1963 908 civilium
2008 853 2206 928 atque

144 927 525 991 ethicarum
570 929 905 1012 expositio
950 939 1081 994 tam
1140 929 1492 996 artificiose
1539 938 1852 994 contexta
1897 939 2096 1012 atque
2139 930 2206 992 in

146 1035 353 1076 unum
405 1013 793 1095 coniuncta,
840 1023 916 1077 ut
958 1036 1149 1078 nemo
1195 1015 1385 1078 facile
1432 1016 1690 1080 futurus
1735 1016 1843 1096 sit,
1893 1016 2054 1098 quin
2098 1013 2206 1078 hic

148 1107 483 1182 protenus
532 1097 745 1162 simile
792 1097 1157 1164 disserendi
1204 1100 1551 1167 artificium
1599 1109 1953 1182 agnoscat,
2006 1109 2206 1182 atque

144 1181 309 1246 illud
358 1190 492 1263 est,
544 1173 725 1264 quod
771 1183 1240 1270 elegantissimi
1285 1186 1530 1269 quique
1587 1185 1711 1249 viri
1755 1186 1823 1248 in
1870 1185 2054 1250 libris
2100 1186 2204 1248 De

147 1267 534 1351 Republica
588 1268 867 1352 aliisque
940 1269 1207 1354 scriptis
1268 1269 1566 1334 Platonis
1623 1293 1883 1356 semper
1925 1269 2204 1334 maxime

148 1351 466 1416 admirati
516 1363 709 1436 sunt,
770 1353 1097 1438 siquidem
1154 1356 1248 1421 ibi
1309 1378 1574 1438 quoque
1641 1377 1851 1420 rerum
1912 1353 2005 1418 ad·
2043 1354 2201 1418 civi-

147 1448 355 1511 tatem
420 1438 894 1522 pertinentium
950 1451 1155 1524 atque
1214 1441 1574 1506 ethicarum
1631 1439 1996 1524 disputatio
2061 1449 2200 1504 arte

148 1542 429 1608 prorsus
494 1521 864 1588 admirabili
930 1547 1005 1590 ac
1051 1526 1245 1609 plane
1292 1526 1516 1590 divina
1560 1527 1914 1590 coniuncta
1960 1536 2026 1587 et
2065 1545 2204 1588 ser·
2273 1585 2280 1593 ‚

148 1631 420 1672 monum
500 1608 821 1672 varietate
864 1610 1255 1678 ,inimitabili
1343 1611 1534 1694 quasi
1601 1611 1996 1696 complica-ta
2079 1627 2200 1674 est.

148 1692 583 1776 Quamquam
628 1701 977 1777 utrumque
1023 1719 1191 1781 opus
1237 1698 1442 1760 etiam·
1469 1697 1594 1761 hac
1626 1697 1704 1760 in
1749 1705 1936 1781 parte
1980 1695 2200 1775 habet,

150 1780 213 1842 in
276 1801 417 1864 quo
464 1801 608 1862 pro
666 1781 921 1844 consilii
978 1783 1291 1846 varietate
1338 1783 1611 1846 alterum
1657 1782 1741 1847 ab
1783 1782 1991 1846 altero
2037 1803 2201 1845 non-

150 1863 314 1928 nihil
379 1863 667 1929 differat.
775 1866 947 1930 Nam
1010 1868 1076 1930 in
1140 1867 1436 1936 Le'ibus
1498 1869 1805 1951 quoniam
1865 1865 2202 1953 praevalet

152 1971 352 2014 verae
419 1949 701 2014 alicuius
759 1949 1045 2016 civitatis
1090 1975 1212 2017 con
1266 1952 1474 2019 endae
1519 1960 1587 2016 et
1629 1953 1895 2037 optimis
1939 1951 2200 2038 legibus

152 2033 588 2098 instruendae
650 2036 1034 2117 consilium,
1113 2038 1293 2102 filum
1350 2038 1640 2102 universi
1712 2036 2030 2101 sermonis
2112 2037 2200 2097 ita

156 2118 552 2202 deducitur,
615 2130 692 2183 ut
748 2123 1095 2206 primariae
1153 2123 1594 2206 quaestionis,
1655 2122 1758 2204 vel
1805 2123 2024 2208 potius
2063 2143 2200 2185 ser-

158 2205 647 2288 mocinationis,
690 2215 1147 2292 argumentum
1190 2231 1229 2271 a
1254 2209 1451 2273 rebus
1495 2207 1782 2292 politicis
1827 2216 2196 2292 repetatur3

164 2289 419 2353 ethicae
474 2289 859 2381 disciplinae
918 2294 1452 2381 praeceptioneS,
1508 2293 1746 2373 quibus
1791 2301 2006 2353 tamen
2049 2289 2198 2352 illae

168 2374 508 2456 nituntur,
552 2378 763 2442 veluti
808 2378 1237 2443 secundariae
1266 2376 1632 2442 'suis'locis
1675 2377 2196 2460 interponantur.
2261 2453 2268 2461 ι

164 2458 505 2541 Quocirca
555 2463 623 2526 in
683 2486 763 2527 eo
809 2478 1041 2528 rerum‘
1072 2463 1365 2529 civilium
1408 2462 1774 2545 disputatio
1821 2460 2030 2543 quasi.
2065 2477 2201 2528 Sta-

160 2545 357 2609 minis
418 2546 627 2610 instar
684 2560 819 2630 est,
866 2550 987 2631 ‘cui
1046 2572 1215 2632 quae
1258 2548 1343 2612 de
1382 2548 1674 2613 moribus
1721 2568 1798 2609 ac
1839 2544 2198 2610 virtutibus

156 2630 439 2715 aliisque
500 2633 696 2698 rebus
756 2634 840 2697 ad
906 2635 1285 2699 interiorem
1342 2632 1826 2717 philosophiam
1870 2631 2200 2718 pertinen-

152 2717 331 2782 tibus
380 2715 817 2801 disseruntur,
862 2730 1196 2803 tamquam
1222 2718 1611 2785 subteminis
1657 2719 1803 2781 loco
1845 2716 2203 2780 intertexta

156 2812 329 2867 sunt.
448 2800 867 2887 Quamquam
944 2803 1070 2868 hoc
1141 2804 1682 2869 artificiosissime
1773 2804 1869 2866 ita
1953 2803 2200 2868 factum

154 2898 277 2969 est,
330 2898 411 2953 ut
454 2896 733 2973 utraque
779 2913 980 2953 unum
1028 2888 1315 2973 denique
1360 2888 1651 2955 efficiant
1687 2896 1986 2951 texturae
2031 2907 2199 2969 opus

151 2971 359 3057 idque
406 2974 606 3058 longe
650 2974 1111 3059 pulcerrimum
1158 2985 1354 3059 atque
1384 2973 1960 3059 elegantissimum.
2048 2970 2204 3035 Alia

153 3081 310 3123 vero
378 3060 547 3123 ratio
609 3068 712 3125 est
774 3060 1087 3125 librorum
1158 3058 1239 3124 de
1306 3058 1692 3144 Republica.
1796 3057 1876 3120 In
1958 3055 2196 3137 quibus

152 3144 477 3227 quoniam
526 3148 671 3208 ‘una
730 3144 1091 3228 eademque
1149 3166 1353 3229 opera
1411 3155 1479 3208 et
1535 3143 1766 3227 optimi
1809 3140 2089 3203 hominis
2135 3146 2200 3201 et

152 3230 498 3312 perfectae
538 3229 825 3295 civitatis
871 3232 1087 3316 imago
1116 3229 1536 3315 depingitur,
1581 3226 1768 3306 illud,
1816 3223 2198 3307 quo-totius

153 3312 629 3400 disputationis
684 3336 915 3379 cursus
956 3316 1243 3401 regitur,
1299 3336 1434 3378 non
1478 3322 1610 3377 tam
1656 3308 1939 3395 positum
1987 3318 2088 3375 est
2130 3311 2198 3373 in

152 3401 554 3481 quaestione
614 3398 696 3462 de
753 3400 1129 3483 republica,
1190 3422 1384 3482 quam
1431 3400 1500 3463 in
1543 3396 1835 3462 iustitiae
1879 3396 2200 3479 pervesti-

151 3485 463 3569 gatione,
526 3493 756 3569 utpote
822 3486 1121 3568 utrique,
1190 3494 1325 3549 tam
1370 3482 1624 3548 civitati
1687 3502 1881 3565 quam
1926 3481 2198 3561 homini,

150 3593 270 3655 per
326 3568 553 3633 omnia
597 3570 942 3634 communi.
1035 3572 1132 3633 At
1172 3570 1479 3633 nimirum
1524 3566 1777 3631 etiamsi
1824 3566 1986 3629 haec
2037 3566 2200 3629 utri-

150 3677 370 3741 usque
435 3655 660 3741 operis
717 3665 821 3719 est
886 3654 1233 3719 diversitas
1289 3652 1470 3717 haud
1528 3674 1686 3717 sane
1764 3652 2039 3737 exigua,
2103 3661 2199 3714 ta-

150 3764 299 3807 men
366 3742 592 3823 Leges
644 3741 889 3825 pariter
948 3749 1149 3823 atque
1190 3738 1688 3823 Rempublicam
1733 3737 2055 3801 Platonici
2102 3740 2199 3799 in-

150 3828 331 3913 genii
392 3826 755 3892 sollertiam
833 3835 1033 3910 atque
1115 3823 1503 3909 elegantiam
1578 3823 1822 3887 referre
1899 3822 2199 3885 omnibus

152 3912 277 3977 iam
326 3922 632 3999 apertum
677 3912 814 3975 fore
864 3910 1287 3976 confidimus..
1832 3960 1840 3967 .

330 4001 563 4083 Atque
586 3996 741 4059 data
770 3996 893 4061 hac
924 3998 1017 4061 rei
1054 3992 1553 4081 opportunitate
1589 4006 1894 4075 tanquam
1925 3992 1987 4053 in
2025 3999 2201 4053 tran·
2283 4051 2290 4060 ,

152 4106 392 4151 scursu
440 4085 639 4149 etiam
690 4082 1005 4149 nonnulla
1046 4100 1370 4167 exponere
1412 4076 1641 4141 licebit
1687 4076 1766 4140 de
1815 4076 2068 4161 Legum
2103 4076 2202 4139 in-

150 4172 486 4257 tegritate.
585 4166 853 4235 Etenim
899 4170 955 4235 si
1004 4190 1155 4231 vera
1202 4174 1377 4243 sunt,
1426 4184 1594 4246 quae
1631 4160 1710 4225 de
1743 4160 2204 4245 disputationis
