2857 4738
597 305 920 372 xxxv1
1163 345 1168 350 -
1223 261 1991 413 ramesiensium

586 474 894 544 incurrit.
999 473 1451 558 Quamobrem
1512 472 1683 540 αἰών
1728 497 1859 562 pro
1918 476 2071 557 βίος
2128 475 2380 540 dietum
2426 483 2533 540 est
2574 482 2665 540 ut

598 559 952 646 Protagor.
1012 581 1082 645 p.
1145 561 1291 624 345.
1347 555 1433 624 CL·
1472 567 1539 624 et
1600 557 1811 646 Gorg.
1856 584 1919 646 p.
1962 561 2112 626 448.
2139 557 2241 628 -Ο,
2286 559 2357 625 in
2404 559 2659 644 quibus

597 643 762 708 loeis
816 666 1010 708 nemo
1070 644 1418 729 quisquam
1466 643 1757 708 haeserit
1798 666 1925 712 neo
1969 667 2260 730 unquam
2305 645 2447 710 iure
2490 644 2655 710 hae·

599 729 788 794 tebit.
894 729 1104 794 Porro
1153 732 1388 812 ’μοῦσα
1446 729 1505 794 si
1568 728 1831 813 quaeris
1890 751 2023 815 qna
2078 729 2335 796 ratione
2397 728 2657 794 dietum

599 811 938 896 videatur,
995 836 1118 894 neo
1179 814 1293 878 uni
1361 812 1629 878 Platoni
1672 815 1981 900 proprius
2022 814 2133 880 hio
2172 837 2335 880 usus
2378 823 2485 880 est
2524 837 2657 880 nee

599 897 684 970 ab
709 897 928 964 ‘huius
957 897 1439 967 consuetudine
1466 899 1601 964 ullo
1632 898 1831 964 modo
1876 899 2153 982 alienus,
2198 899 2396 966 sicuti
2426 908 2657 966 osten-

601 983 816 1050 dimus
871 981 960 1048 ad
1009 983 1363 1049 Politioum
1420 1008 1486 1070 p.
1544 985 1691 1049 309.
1758 983 1847 1051 D.
1918 983 2171 1050 Phileb.
2240 1007 2306 1070 p.
2382 985 2487 1050 67.
2564 984 2656 1054 B.

601 1065 1018 1152 Quamquam
1048 1067 1118 1132 in
1165 1068 1463 1154 Legibus
1512 1091 1593 1134 ea
1632 1068 2031 1156 metonymia
2072 1078 2177 1138 est
2212 1069 2655 1154 frequentior,

601 1175 800 1238 qnam
858 1153 927 1217 in
981 1153 1128 1219 aliis
1183 1153 1483 1220 Platonis
1546 1153 1979 1220 sermonibus.
2099 1152 2235 1234 Sed
2292 1153 2655 1242 singularis

601 1248 703 1304 est
743 1239 1026 1304 formula
1071 1238 1240 1305 κατὰ
1285 1241 1408 1304 τόν
1452 1233 1667 1304 αὐτὸν
1708 1238 1993 1324 ῥυθμὸν
2038 1245 2187 1326 ἔχει.
2278 1239 2657 1306 Prudenter

599 1333 820 1390 tamen
881 1323 1138 1389 monuit
1203 1325 1457 1390 Henr.
1526 1321 2065 1410 Stephanus,
2124 1321 2296 1392 κατὰ
2363 1323 2657 1410 ῥυθμόν

599 1407 745 1477 fieri
807 1407 938 1474 diei
995 1408 1242 1492 solere,
1291 1408 1618 1496 quidquid
1662 1417 1843 1475 certo
1889 1409 2153 1494 ordine,
2200 1410 2380 1476 iusto
2422 1405 2655 1510 modo,

501 1529 508 1536 κ
599 1492 844 1559 idonea
949 1495 1332 1580 roportione
1377 1495 1531 1576 fiat,
1576 1493 1779 1560 allato
1819 1495 2017 1560 etiam
2065 1494 2445 1574 testimonio
2484 1517 2657 1562 scri-

649 1580 815 1644 toris
927 1579 1358 1646 roblematum
1411 1579 1866 1647 Aristotel.
1912 1573 2231 1649 Thesaur.
2273 1579 2407 1645 Lin
2461 1629 2475 1645 .
2522 1574 2655 1646 Gr.

670 1664 755 1730 ol.
818 1663 948 1728 III.
1007 1689 1073 1750 p.
1135 1669 1278 1731 7⁶24.
1386 1665 1719 1730 Venimus
1770 1666 1899 1730 iam
1942 1664 2029 1731 ad
2072 1690 2135 1752 p.
2182 1668 2328 1732 605.
2438 1717 2451 1732 .
2497 1665 2655 1732 libr.

604 1748 736 1817 ΙΙΙ.
795 1750 911 1814 ubi
971 1750 1288 1838 pristinae
1345 1749 1691 1818 divisionis
1756 1751 1945 1837 regni
2010 1751 2263 1818 Persiei
2334 1747 2657 1817 dicuntur

515 1837 519 1844 '
603 1835 800 1899 etiam
843 1857 1020 1900 nune
1055 1857 1400 1922 superesse
1446 1840 1692 1919 σμικρά
1740 1837 2073 1918 ὀνείρατα.
2160 1833 2447 1902 Constat
2486 1858 2655 1900 vero

604 1918 916 2004 ὀνείρατά
973 1919 1104 1986 diei
1169 1943 1271 1986 res
1341 1921 1655 1988 evanidas
1702 1930 1767 1988 et
1810 1921 2060 1988 inanes.
2148 1919 2400 2004 Quidni
2426 1919 2659 2008 'igitur

604 2027 772 2089 quae
831 2005 916 2070 ad
975 2005 1248 2074 nihilum
1307 2008 1443 2072 fere
1502 2005 1775 2072 redacta
1829 2016 1987 2096 sunt
2056 2017 2235 2073 reete
2308 2004 2659 2092 potuerint

604 2091 830 2155 vocari
879 2091 1236 2170 dveiooeta?
1324 2092 1433 2157 Ita
1458 2100 1637 2158 certe
1686 2089 1935 2174 ὄναρ,
1980 2105 2183 2178 atque
2226 2093 2385 2156 item
2430 2111 2655 2156 som-

604 2176 828 2242 nium
887 2176 1062 2264 apud
1122 2177 1436 2261 Latinos,
1498 2193 1887 2264 usurpatum
1945 2186 2071 2244 est.
2158 2177 2368 2243 Plat.
2412 2175 2653 2264 Symp.

602 2283 674 2347 p.
742 2264 881 2329 175.
944 2263 1025 2326 E.
1083 2263 1310 2346 φαύλη
1371 2267 1482 2328 καὶ
1546 2261 2147 2348 ἀμφισβητήσιμος
2207 2261 2417 2350 ὥςπερ
2474 2259 2653 2348 ὄναρ

458 2378 474 2393 =
603 2341 796 2413 οὖσα.
903 2348 1346 2416 Plutarch.
1415 2348 1592 2417 Thes
1658 2371 1715 2415 o.
1763 2349 1868 2414 3⁶2.
1914 2345 2081 2429 ὄναρ
2124 2351 2514 2430 ὲλευθ·εριάς
2560 2347 2650 2411 al.

493 2438 496 2443 ’
603 2433 948 2519 Pergimus
1013 2433 1116 2499 ad.
1181 2438 1328 2522 (μῦς
1391 2444 1461 2501 et
1512 2430 1752 2511 σκότος
1802 2433 1995 2501 'Libia
2056 2434 2143 2499 V.
2203 2459 2267 2523 p.
2345 2434 2491 2499 738.
2562 2432 2650 2497 Ε.

603 2518 777 2583 ὅπου
826 2517 962 2603 γὰρ
1016 2519 1110 2601 μὴ
1167 2522 1316 2608 φῶς
1362 2518 1681 2598 ἀλλήλοις
1734 2524 1917 2585 ἐστὶν
1996 2516 2299 2599 ἀλλήλων
2356 2526 2426 2585 ἐν
2501 2529 2657 2594 τοῖς

600 2600 884 2683 τρόποις
932 2601 1106 2667 ,ἀλλὰ
1165 2604 1412 2679 σκότος
1470 2628 1531 2669 κ.
1588 2628 1647 2669 τ.
1703 2606 1763 2669 λ.
1864 2602 2079 2687 Quem
2137 2604 2356 2671 looum
2412 2624 2653 2669 rursus

599 2686 790 2751 aliter
845 2686 1109 2773 aceepit
1166 2687 1599 2772 Zellerus,
1662 2691 1811 2773 φῶς
1844 2690 2241 2755 notitiam
2284 2699 2353 2755 et
2394 2688 2653 2753 fami·-

599 2770 1108 2855 lim-itatem,
1155 2770 1402 2850 σκότος
1446 2774 2089 2861 ignobilitatem
2134 2774 2269 2841 vel
2332 2773 2535 2840 obse
2560 2796 2651 2838 u-

599 2856 946 2923 ritatem
1008 2858 1382 2943 signifieare
1442 2868 1647 2925 ratus.
1788 2862 1885 2925 At
1945 2883 2103 2926 vero
2180 2881 2302 2926 nos
2378 2858 2653 2944 quidem

599 2942 654 3007 si
711 2941 871 3026 quid
935 2941 1226 3009 iudicare
1290 2966 1675 3030 possumus,
1738 2942 2171 3015 vet-baſshuno
2238 2946 2305 3009 in
2376 2942 2650 3009 modum

597 3026 1096 3113 interpretanda
1136 3039 1322 3095 sunt:
1375 3030 1517 3095 ubi
1563 3029 1779 3095 enim
1823 3052 1978 3096 non
2042 3031 2125 3095 in
2170 3031 2409 3097 clara
2450 3028 2649 3093 luce

598 3114 823 3180 inter
865 3113 1112 3181 cives
1157 3114 1539 3201 ipsorum
1584 3134 1850 3179 mores
1894 3114 2163 3201 positi
2204 3123 2443 3197 sunt,
2496 3112 2647 3181 sed

595 3198 882 3263 latent
925 3199 1009 3263 in
1055 3200 1474 3284 tenebris,
1522 3210 1613 3265 ut
1660 3223 1829 3265 non
1874 3201 1977 3265 ab
2022 3199 2415 3266 omnibus
2458 3198 2645 3262 ani-

598 3282 1014 3348 madverti
1060 3296 1150 3350 et
1195 3285 1568 3351 iudicari
1626 3284 1973 3370 possint
2030 3291 2158 3353 eto‘.
2244 3284 2473 3349 Habes
2517 3283 2647 3369 igi-

597 3375 707 3431 tur
770 3368 861 3432 ibi
924 3390 1113 3435 usum
1178 3371 1527 3436 verborum
1574 3370 1738 3435 satis
1780 3370 2006 3435 tritum
2050 3379 2121 3435 et
2160 3368 2523 3455 vulgarem,
2572 3368 2646 3433 in

647 3471 731 3516 uo
780 3452 1076 3537 profecto
1123 3456 1288 3520 nihil
1333 3466 1470 3537 est,
1532 3453 1712 3539 quod
1756 3477 1952 3539 quem
1994 3454 2235 3519 morari
2272 3465 2393 3518 aut
2436 3452 2647 3519 oflen-

597 3474 756 3601 dere
814 3549 1038 3636 queat.
1137 3538 1282 3607 Sed
1341 3541 1662 3608 mittimus
1708 3540 1892 3625 talia,
1938 3540 2179 3625 quibus
2226 3547 2403 3605 certe
2444 3538 2647 3603 etiam

595 3620 708 3685 illa
766 3621 950 3687 L1hr.
1009 3623 1064 3687 I.
1123 3648 1184 3709 p.
1233 3628 1380 3692 649.
1446 3633 1527 3691 A.
1574 3624 1695 3691 οὐκ
1736 3631 1809 3689 ὲν
1852 3629 2062 3716 θοίνῃ
2107 3627 2303 3707 λέγω,
2348 3645 2513 3688 non
2558 3623 2647 3689 in

593 3728 930 3771 censum
1000 3709 1321 3794 refero,
1391 3711 1579 3775 Libr.
1650 3709 1849 3776 VIII.
1908 3734 1971 3796 p.
2044 3711 2192 3775 838.
2272 3708 2361 3773 D.
2428 3704 2649 3785 ἄλλως

594 3792 917 3857 ἀναπνεῖν
960 3793 1140 3881 παρὰ
1182 3793 1424 3879 νόμον,
1474 3796 1655 3860 Libr.
1689 3794 1855 3859 XII.
1902 3819 1967 3881 p.
2013 3796 2159 3859 969.
2206 3794 2293 3858 Α.
2343 3794 2649 3870 παιδείας

593 3914 676 3926 —-·
726 3880 844 3958 τῆς
906 3881 1030 3943 νῦν
1085 3888 1554 3961 κεκινημένης,
1616 3879 1801 3945 Libr.
1850 3879 1907 3943 I.
1951 3902 2016 3965 p.
2066 3882 2213 3947 644.
2260 3877 2347 3943 D.
2394 3876 2647 3961 ἐξέρχε-

596 3967 798 4047 σθαι,
843 3964 1130 4030 iustos
1177 3966 1400 4031 fines
1449 3962 1791 4051 egredi,
1838 3964 1971 4029 alia
2012 3964 2271 4045 similia,
2316 3960 2477 4027 addi
2525 3986 2643 4048 Ρο-

593 4056 878 4117 tuerunt.
981 4050 1344 4117 Veniamus
1417 4048 1681 4115 tandem
1758 4049 1844 4115 ad
1902 4048 2195 4136 epitheta
2260 4047 2411 4129 illa,
2470 4069 2645 4131 qnae

498 4187 505 4199 ,
595 4132 737 4211 visa
793 4145 951 4201 sunt
1011 4135 1388 4225 singularia.
1494 4135 1597 4201 Ea
1662 4156 1815 4201 vero
1876 4132 1998 4202 etsi
2056 4132 2295 4220 partim
2338 4130 2643 4198 nonnihil
