2857 4738
562 301 780 366 XXII
1223 297 1957 366 PROLEGOMENA

566 469 963 535 servantiam
1020 479 1316 553 promtos
1383 479 1449 532 et
1508 477 1771 556 paratos
1846 465 2121 548 efficiat·
2235 465 2374 554 Iam
2454 485 2619 528 vero

563 554 728 619 haec
802 575 1062 638 quoque
1123 576 1244 619 suo
1303 554 1449 619 loco
1510 575 1653 619 esse
1722 552 2061 636 exposita,
2139 551 2287 634 quis
2362 559 2621 632 quaeso

565 650 668 706 est
725 641 884 721 quin
937 639 1080 724 ipse
1157 648 1473 724 protenus
1550 637 2032 703 animadvertat
2052 635 2092 698 Ρ·
2169 631 2431 720 Quippe
2506 633 2619 698 his

564 727 658 788 ita
741 725 1099 810 expositis,
1201 725 1581 810 priusquam
1672 723 1854 808 ipsae
1934 723 2156 806 leges,
2208 721 2615 800 scribuntur,

567 808 804 880 callido
861 808 1142 886 artificio
1207 808 1546 893 proditur,
1606 831 1887 891 quonam
1941 805 2366 872 fundamento
2411 827 2617 888 quum

567 897 747 980 ipsae
801 904 942 958 tum
1003 893 1244 959 civium
1303 893 1776 979 obtemperatio
1836 893 1915 956 iis
1978 891 2205 956 debita
2258 891 2448 956 inniti
2496 889 2615 970 de·

565 981 740 1044 beat.
856 977 1220 1066 Profligata
1301 998 1458 1064 vero
1546 978 1771 1064 harum
1861 1000 2078 1042 rerum
2162 972 2619 1062 disputatione

569 1064 780 1130 oratio
833 1063 988 1128 inde
1043 1087 1082 1126 a
1136 1087 1198 1148 p.
1249 1065 1393 1129 722.
1442 1063 1529 1126 Ι).
1576 1063 1925 1140 revertitur
1968 1058 2054 1126 ad
2101 1061 2231 1124 alia
2275 1061 2618 1146 prooemia

569 1146 998 1236 generaliora.
1087 1147 1464 1231 E‘xponitur
1508 1149 1677 1212 enim
1724 1147 2037 1233 primum,
2083 1145 2283 1230 idque
2331 1146 2619 1232 exempli

569 1233 919 1299 exhibendi
977 1255 1244 1315 caussa,
1304 1233 1388 1298 de
1452 1233 1799 1320 coniugi03
1864 1231 2101 1296 deinde
2158 1255 2315 1296 ver-o
2372 1229 2623 1295 inde-a

571 1318 850 1402 quinti
924 1317 1135 1383 libri
1213 1319 1475 1382 initio
1546 1318 1627 1382 de
1703 1317 1903 1382 animi
1972 1316 2313 1383 excolendi
2390 1315 2623 1381 officio

571 1407 812 1486 (usque
871 1402 956 1466 ad
1007 1410 1074 1489 p.
1133 1404 1276 1470 728.
1335 1403 1507 1486 D.),
1576 1402 1659 1467 de
1720 1402 2017 1468 cultuet
2056 1401 2307 1467 honore
2351 1401 2623 1499 corpori

571 1488 794 1556 debito
855 1487 1070 1572 deque
1124 1490 1299 1554 veris
1365 1489 1665 1572 corporis
1724 1487 2068 1570 laudibus,
2130 1485 2211 1551 de
2255 1487 2623 1550 virtutihus

572 1593 782 1658 quum‘
841 1574 1144 1658 privatim
1219 1583 1358 1638 tum
1432 1573 1693 1659 publice
1764 1571 2095 1652 colendis,
2155 1582 2221 1634 et
2280 1594 2447 1656 quae
2509 1571 2621 1635 his

572 1675 856 1744 cognata
913 1667 1070 1722 sunt
1125 1659 1254 1722 alia
1315 1669 1701 1744 argumenta
1746 1659 1989 1740 (usque
2032 1657 2118 1722 ad
2165 1681 2225 1741 p.
2274 1659 2417 1740 730.
2470 1659 2623 1740 A.).

573 1743 758 1826 Quas
821 1742 1083 1826 quidem
1141 1743 1621 1814 admonitiones
1684 1754 1749 1808 et
1779 1743 2322 1812 =‚cohortati0‹nes..
2372 1741 2621 1824 deinde

571 1829 911 1913 excipiunt
971 1850 1086 1910 ea,
1150 1851 1318 1912 quae
1377 1829 1463 1893 ad
1527 1851 2053 1912 unumquemque
2113 1829 2321 1892 civem
2382 1849 2498 1913 per
2540 1849 2622 1892 se

571 1914 786 1980 solum
868 1921 1238 1998 spectatum
1311 1915 1703 1979 referuntur.
1840 1910 2355 1978 Commendatur
2440 1913 2623 1976 enim

571 1997 850 2085 singulis
897 1999 1201 2074 ,veritatis
1263 2021 1446 2064 amor
1506 1999 2030 2080 sincerissimuS,
2101 1998 2394 2063 iustitiae
2472 2006 2619 2062 stu-

573 2083 752 2148 dium
785 2092 1118 2149 'constans
1175 2094 1242 2148 et
1295 2083 1732 2166 indefessum,
1774 2083 2247 2168 temperantiae
2283 2108 2288 2112 ·
2320 2083 2477 2159 item
2534 2105 2619 2148 ac

572 2167 961 2270 prudentiae
1034 2165 1278 2236 cultus
1334 2168 1659 2235 assiduus.
1781 2169 1989 2234 Porro
2064 2166 2469 2254 praecipitur
2532 2166 2619 2231 de

571 2253 913 2320 iracundia
971 2259 1060 2318 et·
1092 2255 1392 2335 lenitate,
1466 2253 1547 2318 de
1606 2255 1777 2319 fastu
1836 2276 1914 2318 ac
1976 2254 2195 2318 nimios
2232 2253 2333 2319 sui
2393 2275 2617 2319 amore

575 2337 936 2405 modestiae
995 2337 1284 2424 inimico,
1343 2341 1424 2405 de
1471 2339 1925 2431 moderatione
1979 2338 2332 2406 affectuum
2388 2338 2615 2423 impri-

571 2426 832 2507 misque
890 2425 1135 2491 doloris
1211 2436 1288 2505 et,
1331 2427 1662 2509 laetitiae,
1726 2426 1809 2489 de
1869 2423 2229 2491 tolerandis
2280 2447 2357 2489 ac
2390 2424 2663 2509 perse?

574 2510 796 2574 rendis
859 2510 1048 2573 malis
1108 2519 1174 2573 et
1217 2510 1735 2592 calamitatibuS,
1782 2509 2066 2593 denique
2112 2510 2192 2575 de
2236 2508 2618 2596 cupiditati-

576 2595 698 2660 bus
759 2601 826 2657 et
880 2594 1357 2681 voluptatibus*
1393 2596 1725 2679 sapienter
1785 2594 2171 2660 cohibendis
2218 2605 2413 2679 atque
2472 2604 2615 2657 mo-

573 2677 882 2745 derandis
943 2680 1214 2763 (usque,
1267 2678 1352 2743 ad
1408 2702 1473 2763 p.
1537 2682 1681 2744 734.
1744 2679 1829 2745 D.
1850 2680 1902 2763 )
2006 2678 2273 2762 Quibus
2312 2678 2619 2745 omnibus

575 2762 1337 2850 explicatissuscipitur
1395 2764 1663 2835 tandem
1722 2764 1803 2829 de
1847 2764 2319 2849 >ipsa-civitatis
2365 2764 2619 2829 consti-

571 2848 828 2916 tutione
889 2858 956 2914 et
1013 2848 1234 2933 legum
1292 2850 1645 2934 scriptione
1710 2848 2111 2933 disputatio,
2179 2873 2347 2934 quae
2392 2852 2618 2935 proxi-

571 2934 696 2999 mis
741 2932 999 2997 demum
1041 2933 1228 2999 libris
1274 2934 1664 3021 profligatur
1708 2945 1772 2998 et
1816 2934 2195 3001 absolvitur.
2284 2934 2424 2998 Iam
2454 2958 2617 3001 vero

573 3029 959 3103 quaerentes
1015 3042 1167 3094 1108,
1219 3022 1444 3099 'sintne
1500 3022 1665 3084 haec
1712 3020 1967 3102 omnia,
2031 3019 2112 3083 de
2160 3020 2399 3105 quibus
2443 3018 2619 3083 dixi-

575 3127 753 3187 muS,
781 3104 947 3169 1000
991 3115 1363 3190 opportuno
1409 3104 1828 3187 universi-que
1876 3106 2095 3189 operis
2139 3105 2413 3171 consilio
2455 3128 2619 3169 con·-

574 3190 915 3255 venienter
957 3192 1304 3275 explicata,
1353 3201 1530 3256 certe
1575 3190 1757 3255 nullo
1817 3190 2083 3275 nego-tio
2132 3190 2615 3255 animadverte-

569 3274 756 3355 mus',
816 3296 894 3338 ea
945 3297 1272 3359 nusquam
1329 3278 1463 3341 fere
1524 3276 1678 3341 alibi
1740 3276 2070 3359 interponi
2125 3276 2373 3339 rectius
2436 3297 2616 3340 com-

569 3358 960 3441 modiusque
1015 3362 1327 3444 potuisse.
1436 3359 1655 3443 Quod·
1695 3359 1865 3423 enim
1909 3360 2037 3425 hoc
2080 3362 2227 3446 ipso
2270 3361 2418 3439 loco
2462 3383 2617 3445 per-

571 3444 820 3528 scripta
879 3442 1229 3529 leguntur,
1295 3454 1372 3512 eo
1417 3448 1572 3510 item
1614 3444 2201 3529 luculentissimum
2246 3444 2359 3527 fit,
2404 3455 2623 3511 totam-

495 3536 498 3539 ’
571 3528 1137 3613 legumlationem,
1205 3554 1375 3614 quae
1434 3532 1522 3596 sit
1578 3539 1979 3613 sequutura,
2048 3532 2155 3595 vel
2199 3532 2477 3596 maxime
2524 3532 2617 3596 ad
2680 3610 2685 3613 Ι

569 3618 822 3679 morum
891 3612 1296 3680 honestatem
1373 3625 1571 3700 atque
1642 3616 1957 3685 virtutem
2022 3616 2247 3680 referri
2326 3615 2615 3699 ideoque

570 3698 745 3763 bona
789 3698 1070 3777 humana
1114 3702 1597 3784 coniunctaque
1629 3724 1789 3770 ,cum
1835 3700 1913 3765 iis
1960 3701 2181 3771 officia
2227 3710 2423 3785 atque
2468 3702 2619 3765 iura

571 3783 787 3849 civilia
831 3805 1060 3847 revera
1088 3786 1402 3869 suspendi
1450 3810 1529 3850 ex
1556 3786 1749 3850 bonis
1785 3784 2051 3867 divinis,
2102 3786 2298 3851 sicuti
2330 3786 2516 3851 Libr.
2550 3786 2611 3852 I.

571 3894 631 3956 p.
695 3871 841 3934 631.
899 3865 984 3943 D.
1035 3870 1324 3956 praecipi
1390 3870 1822 3935 meminimus.
1943 3869 2385 3952 Quamobrem
2443 3871 2616 3939 nihil

570 3954 865 4037 profecto
917 3954 988 4021 in
1050 3954 1332 4019 medium
1395 3956 1693 4021 attulisse
1756 3956 2171 4019 existimandi
2235 3968 2429 4039 sunt,
2497 3959 2636 4040 qui„

571 4037 834 4103 Platoni
897 4040 1250 4125 opprobrio
1300 4052 1667 4124 verterunt,
1720 4040 1895 4123 quod
1946 4041 2012 4103 in
2059 4040 2388 4128 Legibus,
2438 4043 2610 4113 inte,-

571 4124 738 4187 rioie
788 4124 1066 4209 hominis
1114 4135 1342 4190 natura
1391 4125 1944 4211 neglecta,„legcs
2010 4129 2076 4188 ot?
2117 4128 2415 4193 instituta
2455 4152 2610 4193 san-
